2768 5146
100 649 182 699 rm⁴
221 659 222 666 ¹
546 626 767 696 NIEBUHRII

102 799 189 858 masc
209 794 323 877 pellere
350 791 449 872 dicet,
473 805 552 856 ‘eum
576 792 911 872 cousubstantiationem
930 791 1064 874 aliquam
1086 790 1206 854 divinae

44 899 47 906 ’
104 899 251 960 essentiae
265 917 334 957 cum
349 899 428 979 aqua
441 898 474 956 in
489 917 573 958 sacro
593 899 712 958 lavacro
734 893 869 957 adhibita
889 895 947 956 sibi
957 893 1078 976 [iugera
1091 917 1205 958 ¹ertone-

88 999 192 1077 'bam3
201 999 249 1060 =id
262 1019 332 1060 vero
346 1002 401 1059 vix
412 1001 446 1058 iu
459 997 663 1061 christianam
671 996 791 1059 cadere.

32 1105 88 1166 ..X
189 1105 272 1164 llaec
292 1099 461 1162 meditabar
481 1103 636 1184 Sangalli,
657 1101 782 1164 Sidonio
796 1097 1015 1162 ‘sirmondiano
1030 1100 1206 1188 destitutum

106 1227 197 1291 quem
210 1209 240 1266 si
249 1206 396 1285 inspicere
411 1209 587 1286 potuissem,
601 1216 665 1266 tota
677 1206 895 1285 argumentatio
909 1203 1096 1266 concidisset.
1140 1227 1207 1264 cer-

106 1329 178 1370 men
200 1310 284 1368 enim
302 1307 493 1368 Merobaudis
515 1306 553 1368 de
574 1306 691 1369 Christo
711 1319 830 1368 exstare
854 1305 941 1367 docet
954 1303 1142 1382 doctissimps
1154 1308 1207 1366 ille

108 1409 227 1484 Sidonii
241 1417 401 1470 enarrator.
444 1408 477 1468 id
490 1407 549 1470 hoc
561 1408 672 1470 indicio
685 1409 774 1469 facile
785 1411 818 1470 iu
829 1409 959 1468 Fabricii
973 1411 1146 1469 collectione
1159 1411 1209 1468 iu-

108 1513 195 1586 veni,
219 1512 396 1591 irnesiptum
415 1509 614 1572 Merobaudis
631 1513 772 1591 liuponi
794 1510 994 1594 Solscloetici:
1019 1533 1108 1592 porro
1130 1511 1211 1574 buno

108 1615 232 1674 tionum
245 1615 279 1672 in
290 1615 493 1674 vetustissimo
507 1615 597 1690 libro,
620 1633 661 1673 ex
675 1634 734 1696 quo
748 1614 901 1672 Fabricius
916 1633 948 1672 se
962 1610 1051 1672 edere
1064 1613 1146 1692 dicit,
1169 1619 1212 1676 ita

111 1718 256 1795 scriptum
275 1716 442 1792 exstitisse,
462 1737 554 1777 nemo
578 1715 736 1776 dubitabit.
778 1714 862 1775 idem
881 1725 985 1774 tamen
1004 1723 1114 1796 poema
1134 1721 1213 1780 iuter

112 1815 270 1879 Claudiani
290 1837 408 1902 quoque
428 1822 643 1901 epigrammata
666 1811 921 1900 exstat(“proles
935 1838 1007 1878 vera
1020 1813 1128 1902 dei’'),
1153 1824 1214 1882 eoi-

111 1922 182 1982 licet
196 1941 292 1980 unum
306 1941 347 1979 ex
360 1931 500 2003 quattuor
515 1923 577 1984 illis
592 1923 773 1984 carminibus
793 1941 869 2003 quae
886 1923 931 1980 10.
948 1922 1070 1982 Camers
1086 1921 1213 2001 addidit,
1333 1935 1340 1944 “

111 2043 202 2084 nemo
217 2025 295 2084 alius
307 2021 469 2101 hactenus,
492 2045 586 2108 quum
605 2027 729 2105 plurimi
740 2026 773 2083 in
787 2021 974 2084 conferendis
988 2024 1147 2086 Claudiani
1162 2048 1215 2088 co-

113 2127 229 2187 dicibus
250 2127 430 2201 laborarint,
451 2129 484 2184 in
502 2128 620 2206 scriptis
636 2127 721 2184 libris
736 2128 867 2200 invenit3
887 2144 922 2182 ac
943 2144 1015 2184 sane
1034 2126 1099 2185 fieri
1116 2141 1216 2208 potest

112 2241 147 2289 ut
157 2231 279 2289 Caruere
291 2249 353 2288 non
368 2227 478 2287 codicis
496 2213 670 2289 aucteritate
684 2225 739 2288 sed
754 2229 938 2302 coniectura,
960 2238 1083 2308 propter
1095 2207 1216 2290 cannen

112 2331 275 2407 paschale,
300 2326 381 2412 quod
400 2327 559 2390 Claudiani
578 2351 643 2390 esse
661 2328 837 2404 crediderit,
859 2339 960 2388 motus
972 2331 1020 2388 illi
1034 2327 1217 2393 adscriberet

114 2455 192 2516 quae
208 2453 279 2492 eum
291 2442 443 2492 auctorem
456 2429 568 2494 habere
580 2443 743 2517 nequeunt.
773 2433 927 2490 Fabricius
940 2432 1128 2494 luculentum
1140 2434 1218 2496 illud

113 2557 237 2596 cannen
250 2557 269 2595 a
283 2537 420 2595 Gamerte
437 2533 552 2597 editum
567 2557 642 2612 esse,
661 2535 789 2595 editores
804 2532 962 2593 Claudiani
977 2538 1075 2594 cuncti
1088 2536 1131 2614 id,
1149 2559 1219 2598 cum

115 2659 178 2699 nou
192 2636 361 2720 spemenda
372 2638 509 2701 lectionis
522 2641 683 2717 verietate,
707 2635 789 2720 apud
802 2638 974 2700 Fabricium
991 2639 1138 2717 inveniri,
1160 2658 1218 2720 pa·

116 2745 188 2802 riter
205 2745 429 2822 ignoraverunt.
1051 2743 1052 2751 ’

201 2847 299 2915 Huius
319 2846 412 2924 igitur
430 2856 496 2906 tam
515 2847 668 2908 manifesti
682 2867 717 2906 ac
729 2867 792 2907 non
806 2846 936 2927 suspecti
949 2845 1114 2906 testimonii
1128 2842 1220 2905 fidem

115 2949 357 3009 cavillationibus
380 2949 498 3010 elevare
515 2951 593 3011 velle
618 2953 682 3009 viro
704 2952 789 3028 gravi
807 2947 968 3028 indignum
982 2949 1078 3008 foret:
1099 2969 1172 3008 nam
1186 2959 1221 3008 ut

115 3053 216 3132 ipesee
233 3051 358 3110 carmini
372 3070 449 3133 quae
462 3072 569 3132 panna
585 3051 786 3112 orthodoxam
799 3052 972 3132 opinionem
982 3049 1127 3132 prodant,
1144 3053 1220 3112 Ges-

116 3175 190 3216 nerc
213 3153 428 3232 concedamus,
457 3153 611 3214 ethnicum
634 3153 820 3214 Christianae
841 3154 995 3234 religionis
1016 3155 1158 3236 mysteria
1178 3157 1220 3212 ita

118 3269 256 3319 accurate
267 3269 426 3335 tractasse,
444 3278 521 3340 quae
536 3255 653 3318 Bartbii
666 3259 766 3337 opinio
782 3240 940 3338 est'(Adr.
957 3261 972 3321 1
990 3261 1046 3338 7),
1064 3275 1221 3338 nunquam

118 3364 206 3422 nobis
225 3360 400 3442 persuaderi
415 3363 560 3421 sinemus.
603 3364 723 3440 ltaque,
745 3356 828 3442 quod
841 3353 936 3418 uuum
951 3368 1101 3440 superest,
1122 3360 1222 3418 fatea-

118 3483 202 3541 mur,
231 3483 416 3546 quamquam
436 3483 499 3522 non
517 3465 582 3522 sine
602 3473 740 3540 stupore,
770 3460 973 3524 statuendum¹
986 3483 1051 3522 esse
1072 3465 1223 3523 exstitisse

120 3566 176 3626 sub
197 3549 300 3624 Leone
320 3584 432 3644 magno
450 3563 590 3644 pontifice
610 3560 811 3639 Christianos,
834 3565 887 3645 qui
906 3584 1000 3647 quum
1015 3567 1052 3625 ab
1067 3568 1223 3646 impietate

120 3669 212 3749 longe
240 3669 396 3743 abessent,
424 3664 621 3725 nibilominus
642 3662 792 3746 quaedam
812 3685 853 3723 ex
869 3665 931 3726 illis
951 3669 1125 3729 criminibus
1146 3690 1225 3753 quae

121 3773 250 3830 maiores
269 3772 302 3829 in
322 3768 414 3829 fidem
434 3766 637 3827 Christianam
663 3766 793 3826 conferri
818 3767 1053 3849 iudIgnabantur
1071 3792 1126 3852 pro
1145 3755 1225 3832 veris

122 3871 330 3948 admitterent;
353 3884 442 3955 atque
456 3873 490 3928 in
506 3888 611 3928 eorum
625 3888 751 3928 numero
769 3890 833 3930 esse
850 3872 1078 3933 Merobaudem.

129 4013 134 4028 .
207 3977 336 4036 carmen
355 3971 438 4057 quod
457 3973 536 4032 iuter
558 3989 649 4049 opera
670 3969 829 4032 Claudiani
851 3975 981 4034 relatum
996 3978 1089 4057 vulgo
1104 3977 1258 4074 obvium·

32 4095 50 4148 t·
66 4073 106 4131 XI
123 4089 186 4156 est,
202 4077 313 4138 addere
327 4075 535 4154 conplacuit:
557 4092 609 4132 eos
623 4092 694 4132 rero
708 4075 817 4156 quibus
832 4074 872 4135 ad
885 4081 1011 4159 scriptos
1026 4078 1144 4140 codices
1159 4077 1227 4137 adi-

122 4193 172 4242 tus
193 4191 292 4263 patet,
316 4197 388 4259 rogo
404 4175 566 4258 hortorque
583 4185 617 4234 ut
631 4179 841 4259 quattuorille
857 4185 990 4242 cannino
1004 4201 1081 4265 quae
1097 4179 1228 4240 Camerti

32 4285 34 4292 '
124 4283 272 4345 debentur
300 4281 428 4342 sollicite
459 4290 620 4360 quaeraut3
658 4301 699 4340 ex
725 4283 834 4364 quibus
864 4281 992 4344 diotimo
1013 4282 1051 4344 de
1073 4281 1228 4342 mbaoulis

124 4385 237 4447 christi
251 4387 364 4466 pariter
376 4378 593 4441 Mercbaudem
603 4395 741 4443 nostrrun
755 4397 909 4447 auctorem
924 4385 1036 4447 habere
1050 4385 1140 4446 valde
1155 4379 1229 4464 pro4

125 4489 225 4550 babile
246 4499 301 4550 est.
343 4487 406 4546 imo
429 4482 514 4544 idem
534 4482 572 4544 de
591 4489 723 4548 connino
741 4488 883 4550 Paschali
892 4492 1042 4572 suspicor:
1062 4497 1094 4547 at
1108 4505 1230 4546 carmen

125 4588 165 4651 de
182 4593 311 4654 Hercule
325 4611 446 4674 prorsus
462 4589 614 4654 diversum
628 4591 760 4653 colorem
773 4589 875 4653 babet.
