2768 5146
250 285 252 288 ’
289 323 510 395 1011011111
534 328 592 394 nn
616 329 882 416 1111011011
906 333 1050 402 rmus.
1198 355 1222 402 v
1265 281 1266 284 Ὺ

197 493 310 554 Paucis
328 494 421 574 igitur
438 513 515 576 quae
534 491 571 556 de
591 497 792 575 membranis,
820 500 929 581 quibus
951 497 1028 561 baec
1050 501 1219 583 fragmenta

115 599 325 693 continentur,
347 594 472 670 dicenda
488 609 576 674 sunt,
599 599 764 659 absolvam.
807 609 873 665 octo
888 603 962 662 folia
978 613 1064 678 sunt3
1092 623 1220 685 quorum

116 699 175 760 dno
191 700 277 780 peria
291 695 332 758 ad
346 709 485 760 octavum
500 697 642 781 discerpti
654 701 725 760 libri
737 705 965 783 quaternionem
979 709 1139 786 pertinent,
1154 710 1218 787 pri-

114 822 201 861 mum
216 803 332 861 scilicet
350 813 441 884 atquc
457 804 522 862 sira
537 801 704 863 secundum
720 807 784 864 sire
799 807 922 864 tertium
937 807 1072 868 eiusdem
1084 826 1157 891 par:
1182 809 1220 868 da

115 905 232 966 duobus
246 905 373 985 reliquls
386 925 426 964 ue
441 903 476 964 id
491 903 615 988 quidem
628 909 711 966 omni
727 904 818 966 dubio
832 917 913 967 caret
929 927 964 966 ea
980 907 1019 968 ad
1032 931 1128 970 unum
1142 931 1219 970 eun-

70 1009 72 1016 '
114 1007 245 1090 demque
267 1009 502 1090 quaternionem·
516 1010 675 1088 pertinere.
727 1019 832 1069 cuncta
854 1010 945 1086 folia,
972 1021 1008 1070 nt
1027 1010 1068 1070 ad
1088 1012 1219 1074 eundem

112 1110 271 1171 modulum
295 1129 365 1168 cum
387 1111 491 1169 ceteris
514 1129 593 1191 quac
613 1109 654 1172 ad
676 1109 893 1172 conficiendum
904 1132 1020 1172 norsum
1031 1113 1165 1176 codicem
1177 1118 1218 1176 li·

112 1216 230 1273 brarios
246 1222 435 1290 congesserat
448 1209 671 1290 redigerentur,
694 1224 746 1272 aut
758 1233 777 1272 1
791 1215 943 1293 superiore
960 1226 1012 1274 ant
1025 1217 1063 1274 ab
1076 1218 1218 1278 inferiore

111 1337 165 1378 ora
178 1316 299 1375 resectis
314 1313 385 1374 cruta
399 1314 535 1392 margine
549 1313 664 1396 aliquot
680 1317 832 1391 versibus,
857 1335 988 1397 qnorum
1001 1338 1146 1378 numerus
1163 1317 1218 1378 da-

109 1418 266 1478 terminari
284 1418 408 1498 nequit,
431 1413 669 1476 deminutionem
689 1438 778 1497 passa
797 1428 885 1478 sunt:
914 1417 996 1500 quod
1019 1419 1059 1480 ad
1079 1418 1217 1480 latitudi-
1256 1421 1257 1424 ’

108 1541 182 1581 nem
201 1520 326 1595 attinet,
349 1520 382 1577 in
401 1537 462 1577 unc
482 1519 548 1598 pari
568 1522 723 1600 utriunque
737 1520 812 1609 χ10111
834 1541 886 1580 cra
901 1541 972 1580 cum
987 1525 1130 1583 extremis
1146 1543 1217 1582 rer-

108 1644 200 1702 1011111
219 1623 328 1684 litteris
352 1619 484 1680 abscissa
505 1631 569 1696 est;
597 1623 630 1680 in
650 1623 774 1703 reliquis
794 1617 906 1697 tribus,
927 1632 1042 1704 mutata
1061 1623 1101 1682 ad
1119 1644 1217 1704 arigu-

108 1728 232 1786 aticrem
248 1720 409 1784 modulum
429 1715 595 1803 plicatura,
618 1725 747 1782 altenun
765 1725 874 1784 folium
886 1727 1045 1786 intonsum
1062 1729 1219 1804 remansit,

106 1829 230 1887 alterirn
251 1827 343 1907 paulo
364 1825 433 1904 plus
453 1823 618 1907 quadrante
639 1837 788 1890 resectum
808 1828 877 1887 fuit.
920 1829 1096 1887 membrana
1114 1837 1215 1888 tencr-

105 1933 183 1990 rima
204 1939 269 1989 est:
298 1927 433 2003 litterae,
455 1938 574 2007 praeter
594 1929 844 2009 subscriptionem
864 1931 1074 2010 praefationis,
1097 1949 1138 1990 ex
1162 1951 1215 1992 ea-

105 2053 174 2092 rum
195 2051 304 2111 genere
322 2040 392 2091 111111
410 2049 486 2112 quas
505 2031 598 2109 vulgo
617 2033 751 2092 unciales
772 2042 898 2108 vocant3
919 2033 957 2092 iis
975 2035 1089 2094 similes
1105 2035 1214 2118 quibus

105 2136 174 2194 Gaii
193 2135 397 2196 instimtiones
417 2135 545 2212 scriptae
561 2143 647 2208 s1mt‚
670 2136 712 2192 ita
729 2132 855 2194 decorae
870 2144 904 2195 ut
917 2132 1004 2194 1111111-
1009 2139 1105 2217 possit
1117 2135 1214 2197 rideri

105 2237 285 2316 elegantius.
328 2235 492 2309 iasnrerc,
513 2245 548 2293 ut
562 2231 614 2294 hic
628 2233 725 2296 codex
736 2257 812 2296 mox
826 2247 895 2317 post
909 2236 1026 2297 editum
1040 2240 1078 2297 ab
1094 2251 1213 2300 auctora
1263 2225 1266 2236 ⁴

102 2341 322 2421 panegyricum
335 2341 462 2420 scriptus
477 2337 586 2413 fuerit,
607 2348 710 2398 tamen
725 2359 804 2398 111110
820 2338 883 2404 446
899 2343 1045 2400 recentior
1060 2342 1148 2401 foret.

188 2443 328 2501 Auctoris
340 2461 469 2515 nomen,
492 2442 520 2500 11
536 2437 660 2521 quidem
674 2442 762 2500 solito
776 2461 860 2502 more
873 2444 906 2500 in
921 2444 1073 2522 superiore
1083 2444 1212 2524 pagina·

64 2561 65 2564 ’
102 2566 172 2606 nrm
183 2564 237 2605 ora
247 2544 427 2623 inscriptum
439 2543 586 2618 exstabat,
609 2543 775 2604 abscissmu
787 2547 886 2624 periit.
931 2547 984 2626 qui
998 2547 1024 2604 11
1037 2543 1077 2604 ad
1089 2564 1212 2604 auream

103 2659 234 2708 aetatem
264 2633 445 2727 pertineret,
477 2647 539 2706 leri
563 2649 685 2725 negotio
707 2657 738 2705 et
759 2649 886 2706 minime
911 2646 1070 2706 fallacibus
1091 2645 1211 2706 indiciis

102 2759 333 2832 agnosceretur:
354 2750 387 2808 in
402 2749 494 2808 ferrei
506 2751 573 2807 aeri
584 2751 698 2824 limine,
713 2750 957 2830 temporibusque
973 2768 1100 2829 quorum
1112 2751 1210 2808 omnis

101 2856 270 2916 accuratior
280 2855 386 2944 notitia
399 2849 566 2926 intercidit,
591 2847 669 2908 nihil
682 2853 753 2910 certi
765 2860 895 2910 statuere
910 2852 1029 2924 liceret,
1050 2851 1111 2909 nisi
1122 2851 1210 2909 unico

100 2961 243 3019 summae
264 2976 389 3014 munere
410 2963 641 3015 monumentum
659 2954 692 3010 in
709 2952 810 3014 lucem
826 2951 977 3032 prodisset,
990 2950 1072 3034 quod
1087 2973 1210 3014 omnem

102 3061 321 3122 dubitationem
334 3060 442 3119 tollere
457 3055 586 3118 videtur.
619 3061 726 3136 petitas
742 3057 795 3137 qni
809 3065 878 3136 post
892 3053 1103 3144 Claudianum,
1120 3059 1209 3118 Actio

100 3185 167 3224 rem
187 3163 342 3244 publicam
362 3172 499 3238 tenente,
529 3163 562 3220 iu
578 3161 747 3239 ,praecipuo
765 3157 885 3232 honore
908 3159 1038 3246 faerno,
1066 3159 1208 3222 Sidonius
1225 3185 1253 3240 p.
1270 3167 1324 3243 Vll

102 3265 163 3350 (ad
176 3267 327 3343 Felicem,
350 3267 370 3332 9
389 3268 452 3332 278
462 3300 501 3309 —
510 3260 593 3342 802)
615 3273 676 3322 tres
688 3249 860 3336 enuntiaret,
883 3282 918 3321 ac
929 3263 1000 3320 licet
1012 3262 1138 3320 minime
1148 3257 1208 3320 du-

101 3373 187 3429 bium
202 3371 243 3428 sit
254 3369 344 3448 longe
357 3369 459 3448 plures
472 3364 580 3436 eodem
594 3385 668 3424 acro
682 3386 714 3424 sc
728 3366 908 3424 canninibus
925 3363 1103 3438 delectasse,
1124 3364 1207 3422 iniu-

101 3476 179 3532 riam
197 3481 303 3540 tamen
321 3473 434 3532 faceret
446 3475 599 3546 Arverno,
622 3467 737 3538 erudito
756 3453 828 3532 sane
846 3471 927 3542 rirc,
949 3469 976 3526 si
993 3466 1060 3547 quis
1074 3462 1208 3524 crederet

101 3573 252 3636 eiusmodi
264 3581 422 3655 poemata,
444 3576 544 3656 qualia
557 3582 628 3632 sunt
641 3591 770 3652 quorum
782 3571 922 3652 reliquias
937 3567 987 3628 hic
1000 3570 1145 3658 legimus,
1169 3567 1206 3625 ab

99 3681 154 3739 illo
176 3680 278 3738 nescio
297 3679 406 3758 quibus
425 3678 493 3746 aliis
507 3673 677 3756 posthabita
693 3693 769 3732 esse.
813 3671 887 3732 dum
903 3691 975 3732 vero
986 3673 1065 3732 inter
1078 3669 1134 3730 hos
1149 3690 1206 3730 110-

100 3792 233 3840 strorum
251 3781 419 3842 canninrnn
440 3789 592 3852 auctorem
616 3779 805 3868 quaerimus,
828 3771 1035 3834 excludendus
1051 3784 1096 3834 est
1111 3774 1205 3832 lioni-

100 3885 171 3943 facii
186 3885 280 3941 cliens
294 3883 482 3956 Gallicanon:
504 3883 582 3940 inter
598 3879 672 3940 duos
686 3880 738 3960 qui
750 3888 877 3956 restant,
900 3879 1094 3951 Quintianum
1106 3886 1136 3934 et
1148 3876 1205 3932 Hi-

99 4004 231 4065 spanum
252 3984 341 4044 illum
364 4005 456 4066 quem
477 3981 656 4044 Sinnondns
672 3973 888 4054 Merobaudem
902 3999 967 4038 esse
982 3990 1068 4039 acute
1082 3976 1203 4034 intelle-

98 4090 162 4164 xit,
178 4142 184 4151 ,
198 4085 306 4146 incerti
330 4085 564 4161 haesitaremus,
596 4087 656 4146 uisi
679 4081 764 4144 aliud
788 4093 999 4162 argumentrnn
1020 4078 1203 4138 accessisset.

98 4211 172 4250 nam
191 4191 245 4248 ille
266 4188 393 4271 quidem
414 4191 495 4250 Aeni
515 4186 621 4248 londes
639 4189 797 4262 cecinisse,
819 4183 871 4244 hio
886 4193 1000 4243 statuae
1016 4178 1131 4237 honore
1147 4197 1203 4238 au-

100 4303 165 4353 ctus
181 4311 248 4354 esse
262 4291 392 4373 dicitur,
413 4289 446 4352 id
464 4291 545 4376 qnod
561 4301 720 4373 utrumqne
733 4290 764 4348 in
778 4285 953 4368 panegyrici
966 4289 1119 4344 1001011111
1133 4302 1206 4342 0011-
