2768 5146
506 651 749 726 emortuo.
1118 675 1179 724 uxr

101 825 237 904 benditur,
260 825 386 908 qualem
403 845 436 886 ae
457 825 522 906 ipse
548 829 640 886 etiam
660 811 772 884 iutetm
785 824 818 884 in
832 823 957 904 epistola
975 825 1091 905 opellae
1105 847 1193 912 suae

103 931 261 1010 praescissa,
296 933 331 988 in
353 945 413 1010 qua
433 929 556 989 rdterius
579 927 691 988 adserit
703 930 930 1007 praecipitanter
943 946 1011 1008 earn
1022 931 1178 1009 exegisse:

105 1045 144 1090 aut
155 1035 177 1090 si
189 1035 302 1107 mavis,
324 1051 468 1112 reponam
480 1043 553 1092 trrnc
565 1033 707 1112 temporis
723 1031 816 1092 sitisse
828 1025 915 1088 illum
929 1033 1078 1090 cresconii
1092 1030 1178 1091 codi-

105 1155 157 1194 cem
173 1137 207 1193 ob
225 1145 408 1202 retmtatarn
427 1146 599 1216 corruptum
619 1145 648 1194 at
666 1149 818 1192 manctun.
861 1135 978 1192 utinam
997 1151 1069 1194 vero
1088 1119 1190 1196 etiam

106 1258 168 1296 orna
176 1249 360 1318 superesset,
383 1247 434 1296 aut
449 1255 508 1318 quo
522 1243 689 1320 asportatus
701 1237 793 1296 tuerit
802 1235 1014 1296 innotesceret!
1058 1255 1181 1316 omnem
1277 1220 1279 1224 ¹

109 1343 214 1418 proiecto
232 1339 440 1416 adhibuissem
462 1360 565 1400 curam
584 1359 623 1398 ne
641 1341 771 1420 sruplius
789 1337 1022 1398 desideraretur:
1044 1350 1075 1398 at
1089 1339 1181 1401 modo

109 1445 173 1500 mila
187 1444 228 1500 lbi
246 1454 339 1502 restat
357 1444 532 1511 membrana
548 1461 626 1523 quse
644 1443 796 1502 Cresconii
815 1445 927 1501 nomen
951 1457 1023 1524 prae
1043 1461 1075 1500 se
1093 1441 1181 1519 ferat,

112 1545 175 1602 nulla
185 1545 213 1603 iu
225 1564 285 1626 qua
300 1546 338 1604 de
350 1543 435 1604 bellis
446 1545 569 1626 Libycis
582 1556 696 1624 agauu,
719 1556 753 1603 ut
768 1565 786 1603 a
801 1542 889 1603 docto
901 1546 965 1601 tiro
975 1545 1057 1606 iilius
1070 1545 1181 1602 biblio-
1218 1555 1226 1574 ⁸

113 1643 192 1705 decre
207 1657 347 1728 miratore)
360 1649 457 1708 factm
480 1665 548 1707 sum
567 1651 688 1722 carficr3
711 1649 763 1728 qui
778 1667 827 1705 me
842 1650 932 1705 etism
947 1648 1065 1704 mourut
1075 1648 1181 1724 Augo-

112 1750 159 1808 lun
171 1749 203 1808 de
213 1755 310 1826 Nuce,
335 1749 660 1810 Ohmmci·0asmmsis
676 1749 821 1814 editorem
840 1749 1119 1827 diligentissimum,
1141 1746 1182 1806 ad

111 1853 196 1910 teies:
213 1855 375 1928 libror-tun,
399 1873 482 1933 quos·
496 1852 668 1913 Desiderius
690 1851 818 1910 describi
841 1861 1008 1926 curaverat,
1029 1854 1095 1910 iure
1112 1867 1180 1909 tne-

112 1956 153 2012 rito
167 1954 237 2013 harro
255 1965 360 2014 uotam
379 1959 570 2034 apposuisse:
591 1971 692 2014 eorum
704 1955 836 2033 plurimi
854 1963 1033 2030 supersunt,
1054 1973 1115 2011 nors
1130 1941 1180 2012 ‘ta-⁴

112 2073 162 2113 roeo
173 2077 283 2130 omnes,
305 2057 439 2136 expilare
452 2077 512 2115 nun
526 2059 618 2116 semel
628 2069 729 2116 nocua
743 2049 931 2128 bibliotheca.
1037 2115 1042 2128 s

173 2163 250 2220 ilter
266 2159 389 2240 demum
402 2164 544 2240 podmatii
560 2161 597 2220 ale
611 2160 697 2218 bellis
710 2158 834 2239 libycis
850 2171 868 2217 ts
882 2157 928 2216 ill.
944 2157 1101 2217 Cresconic
1117 2155 1176 2218 (lo-

113 2258 176 2338 fippo
183 2266 284 2342 scripti
298 2265 383 2322 testis
396 2273 441 2322 est
455 2275 557 2324 aanor
573 2278 749 2343 anonymus,
772 2263 824 2342 qui
839 2262 1068 2320 cresconiauam
1083 2263 1176 2320 colle-

114 2363 213 2421 cti-em
224 2376 361 2424 soterum
376 2367 531 2425 Canouum
546 2368 664 2447 aliaque
679 2375 718 2424 ss.
732 2374 852 2445 patrum
867 2364 1010 2443 opuscula
1023 2361 1178 2444 descripsit

113 2461 358 2532 iuuembrauucec
372 2449 420 2526 uis
434 2466 534 2528 codice
549 2489 626 2528 saec.
642 2473 698 2543 10,
717 2471 830 2527 iicmae
841 2469 874 2526 iu
886 2465 1068 2526 bibliotheca
1081 2467 1178 2528 Valli-

112 2565 202 2628 cellana
219 2565 376 2628 adseruato
397 2581 427 2628 et
447 2589 528 2628 nunc
546 2582 649 2630 notato
668 2580 691 2628 t.
709 2573 764 2646 18,
788 2572 840 2650 qui
856 2580 964 2628 texens
979 2587 1010 2645 p·
1025 2569 1087 2632 136
1102 2586 1180 2645 opu·

111 2667 233 2728 todorum
245 2675 383 2732 omnisun
396 2692 414 2730 a
427 2693 459 2732 se
474 2670 688 2754 descriptorum
699 2671 830 2732 iudicem
841 2673 896 2730 sub
909 2669 967 2730 boc
979 2669 1085 2728 titttlot
1105 2667 1181 2726 baec

110 2781 163 2824 sart
180 2793 250 2850 quoe
268 2778 302 2834 irs
323 2777 424 2834 coelice
439 2775 606 2848 iubentur,
627 2779 669 2834 ita
689 2778 810 2854 incipit:
837 2773 1004 2834 Concordia
1024 2773 1182 2832 &nomm

108 2887 127 2925 a
147 2873 288 2934 Creeccrsrc
307 2856 462 2958 Africano
489 2881 623 2958 episcopo
650 2877 769 2958 digesta
791 2877 848 2935 sub
869 2875 1012 2955 capitulis
1032 2879 1178 2934 trecentis.

108 2971 297 3038 munuum
322 2983 495 3042 Cresconius
515 2981 595 3042 bellu
617 2991 651 3039 et
667 2980 828 3051 uictorias,
856 2997 933 3059 qstas
948 2978 1100 3037 Iohannes
1114 2979 1182 3036 Pa-

108 3076 191 3136 tricius
209 3081 296 3159 apud
310 3083 457 3162 Africum
478 3085 515 3144 de
542 3086 702 3143 Saracenis
719 3084 833 3163 gessr't,
853 3081 1031 3139 hexametros
1048 3077 1182 3138 verritur

105 3175 237 3260 descripsit
259 3183 314 3241 sub
339 3185 434 3244 libris.
488 3184 567 3245 banc
587 3197 691 3245 notum
710 3186 783 3244 iuris
807 3183 920 3260 publici
942 3183 1014 3240 fecit
1035 3183 1183 3242 Beronius

103 3281 145 3361 (a.
159 3287 214 3350 527
227 3305 312 3344 num.
325 3285 392 3366 76)
413 3299 443 3346 et
466 3291 576 3347 iterum
598 3307 638 3345 ex
655 3290 721 3366 ipso
737 3283 838 3343 codice
854 3283 1008 3362 descripsit
1021 3303 1056 3342 uc
1067 3282 1183 3346 recudit

99 3384 275 3447 llabiilonius
293 3389 357 3468 (It.
377 3391 478 3449 Italic.
489 3412 526 3470 p.
542 3387 622 3470 69);
643 3392 686 3448 its
698 3399 732 3448 ut
745 3388 835 3468 plane
849 3389 961 3446 mirum
976 3389 1015 3445 sit
1030 3387 1182 3468 quomodo

97 3485 237 3548 titianus
261 3489 314 3570 (in
331 3493 441 3572 Prues.
462 3493 542 3572 opp.
563 3491 730 3572 Rrraudt')
752 3500 783 3550 et
803 3492 977 3550 Contentius
998 3489 1051 3570 (in
1070 3491 1178 3572 Pruesl

95 3593 133 3650 cd
147 3593 284 3670 epistolas
304 3595 515 3654 Romanorum
534 3596 719 3672 Pontificum
734 3613 807 3673 par.
826 3600 846 3660 2
867 3588 920 3674 §7
928 3591 942 3674 )
965 3591 1101 3652 adserere
1118 3615 1180 3654 non

94 3692 284 3755 dubitaverint
305 3701 470 3758 Barouiuna
493 3700 644 3770 invenisse
669 3699 755 3756 iilam
772 3700 805 3755 iu
823 3717 871 3756 ms
893 3695 959 3755 cod.
981 3697 1075 3756 Vatia.
1096 3699 1179 3777 operi

90 3797 280 3857 cresconiano
301 3799 485 3877 praelixam,
508 3822 578 3860 cum
599 3804 751 3880 signanter
767 3801 820 3858 ilie
840 3801 987 3864 nouverit
1002 3797 1068 3858 cod.
1083 3803 1179 3861 Valli-

89 3903 230 3961 aelianum
252 3912 282 3959 et
301 3899 516 3962 intermedium
538 3905 603 3960 eius
623 3902 747 3977 solium,
773 3902 855 3962 unde
882 3921 951 3960 eam
973 3899 1179 3981 descripserat.

85 4009 224 4084 quoniam
243 4023 315 4064 vero
336 4003 432 4063 iidem
452 4004 532 4064 docti
550 4007 607 4063 riri
627 4005 695 4083 pius
714 4025 810 4087 aequo
830 4002 958 4064 eandem
971 4013 1075 4062 uotam
1089 4009 1181 4065 aesti-

83 4118 195 4166 mantes
213 4106 467 4166 ccnlidentissime
480 4118 624 4167 vocarunt
636 4108 723 4166 iilam
735 4110 767 4166 in
780 4109 985 4166 testimonium
1000 4110 1105 4166 aetatis
1120 4129 1181 4190 qua

82 4209 255 4268 cresconius
277 4209 420 4266 collector
440 4211 597 4268 canonum
615 4211 728 4286 floudt,
756 4212 840 4269 iuvat
859 4209 976 4288 singula
998 4229 1075 4292 quae
1093 4212 1125 4266 in
1146 4229 1181 4268 ea

80 4310 235 4372 adnotator
251 4310 394 4370 adfinnat
410 4311 506 4370 obiter
521 4311 710 4392 expendere:
731 4313 927 4394 nequeenim
944 4313 1008 4371 fore
1020 4311 1183 4370 molestum

78 4413 217 4492 arbitror,
241 4425 275 4474 ut
296 4422 386 4492 capta
402 4416 555 4476 occasione
568 4413 682 4495 aliquid
694 4415 862 4474 minimam
872 4411 913 4474 ad
925 4410 1117 4474 illustrandos
1131 4413 1179 4474 Ill.

78 4515 225 4576 Crescouii
240 4517 368 4595 eurippi
389 4514 481 4576 libros
499 4517 536 4577 de
553 4499 641 4578 bellis
657 4515 801 4600 libyum
820 4514 978 4600 siquando
993 4512 1132 4574 obteniat
1146 4524 1181 4575 ut

76 4618 109 4674 in
122 4623 253 4698 apricum
265 4617 472 4702 proferantur.
