2834 5138
443 333 708 405 lontanmos
733 335 813 409 LIB.
838 340 899 410 IV.

110 498 180 566 870
201 497 302 558 noluit
318 507 386 560 ante
402 501 490 578 viris,
513 512 580 563 astu
596 501 650 564 sed
664 505 778 584 proelia
793 495 912 566 tentans

199 603 316 660 auxilio
332 613 475 662 venturus
491 613 565 665 erat.
607 615 679 664 tunc
694 603 785 665 caede
797 605 952 668 tribunum

201 723 263 762 nou
279 703 349 764 tulit
362 703 526 765 ardentem.
569 707 682 766 Musiris
697 711 867 769 succurrere
881 711 968 772 fessis

200 807 340 880 incaluit,
363 827 541 892 sparsasque
554 812 633 868 acies
648 805 685 868 de
698 811 773 869 colle
788 803 904 891 petivit.

201 927 272 987 ergo
287 910 365 967 inter
381 912 497 968 socium
512 907 656 990 dirumpit
669 915 786 971 saevior
799 933 909 991 agmen

107 1010 176 1077 876
198 1011 438 1091 Martianumque
452 1024 557 1092 petens
570 1022 684 1071 munus
698 1023 752 1091 per
765 1027 849 1092 prata
862 1017 1047 1097 sequentem,
1100 1015 1103 1022 ’

199 1121 233 1169 ut
248 1112 295 1169 lec
310 1123 475 1172 venantum
488 1131 598 1191 magno
615 1113 744 1173 clamore
760 1119 878 1175 coactus

197 1213 350 1273 montibus
363 1215 395 1272 in
408 1215 533 1292 mediis,
556 1215 685 1275 stimulis
704 1227 734 1275 et
747 1209 871 1276 uerbere
889 1217 1011 1279 caudae*
1069 1223 1071 1226 ’

197 1333 303 1394 aspera
319 1325 403 1394 terga
418 1319 499 1375 ciens
515 1317 545 1374 in
561 1319 674 1398 proelia
690 1323 812 1378 suscitat
824 1324 893 1396 iras,

197 1437 248 1477 ore
265 1417 411 1492 fremens,
435 1418 606 1504 frangitque
622 1423 701 1480 viros
715 1425 823 1481 virtute
836 1434 983 1502 potentes.

107 1523 176 1586 880
197 1517 388 1599 congreditur
400 1521 465 1579 also
480 1541 537 1579 nec
551 1525 671 1582 territus
685 1521 771 1583 hoste
785 1525 921 1582 tribunus

196 1623 298 1696 irruit,
320 1621 498 1702 infensaque
512 1626 611 1684 virum
626 1643 768 1685 mucrone
780 1626 916 1705 petebat:

195 1735 264 1784 ante
280 1722 335 1783 sed
349 1725 517 1803 oppositam
530 1729 668 1786 transivit
680 1730 784 1787 lancea
797 1747 943 1806 pannum,

195 1827 288 1908 inque
302 1829 359 1884 riri
374 1829 461 1886 costis
475 1827 536 1887 lato
550 1833 633 1888 stetit
647 1833 783 1910 improba
797 1831 886 1887 ferro.
905 1833 906 1836 ’

237 1931 375 1990 Nascitur
389 1927 459 1988 inde
476 1932 593 2012 fragor:
615 1936 885 2012 moguis'montans
900 1935 1044 1998 restdtant
1140 1929 1142 1938 ’

106 2031 173 2101 885
193 2032 332 2108 vocibus,
355 2043 386 2090 et
396 2033 490 2092 fracto
505 2032 652 2094 crudescit
665 2053 766 2116 pugna
775 2035 917 2094 tumultu.

192 2135 321 2194 Antalae
335 2136 429 2194 virtus
444 2139 591 2194 venientis
604 2139 727 2196 suscitat
737 2140 797 2197 iras

192 2255 339 2318 spemque
354 2233 437 2294 dedit
449 2237 546 2295 victis.
589 2239 699 2296 iterum
714 2259 887 2300 concurrere
901 2253 1032 2302 certant:
1096 2323 1099 2334 ι
1140 2243 1142 2251 ⁸

192 2341 314 2420 agmina
332 2336 494 2397 densantur
507 2339 618 2414 contis,
640 2343 779 2421 aciesque
794 2353 952 2403 novantur.

191 2445 256 2524 ipse
271 2451 304 2500 nt
319 2442 451 2500 collectis
466 2441 595 2499 finnarit
611 2443 717 2501 robora
732 2445 849 2518 tarmis,

100 2551 169 2616 890
189 2565 244 2626 per
255 2539 372 2603 medios
388 2561 474 2601 enses
487 2547 625 2623 quatiens
640 2547 801 2603 acerrimus
815 2541 935 2603 hastam
1029 2559 1030 2564 ’

190 2648 292 2722 irruit,
315 2656 346 2704 et
360 2642 469 2703 densos
484 2645 613 2705 volitans
627 2647 775 2726 perfertur
787 2649 820 2704 in
835 2645 946 2707 hostes.

232 2747 345 2808 Obsius
363 2743 479 2806 ardenti
493 2749 608 2826 primus
622 2768 688 2807 sese
701 2743 809 2807 obtulit
825 2751 932 2827 Orcus,

187 2851 335 2912 Romulea
349 2868 409 2907 non
425 2863 513 2928 gente
528 2859 624 2924 satus,
647 2859 739 2930 quem
751 2847 869 2909 Persica
881 2862 977 2910 nrater

189 2951 284 3012 edidit
300 2949 339 3030 ad
352 2951 483 3027 belltun,
505 2954 604 3031 rapuit
615 2962 717 3010 tamen
730 2952 829 3010 Africa
843 2957 932 3012 matri

98 3055 165 3124 895
188 3055 315 3115 Antalae
330 3065 489 3134 superante
502 3072 610 3112 matra:
632 3055 763 3134 namque
778 3055 903 3130 arduus,
925 3054 1042 3114 hastam
1133 3053 1143 3066 ⁸

187 3159 301 3218 viribus
314 3157 507 3238 intorquens,
530 3155 662 3234 clipeum
677 3157 826 3216 transfixit
842 3168 871 3216 et
885 3151 1014 3218 hostem.

186 3260 321 3339 protinus
334 3259 460 3334 infelix,
487 3257 558 3316 fatis
574 3259 692 3318 oblatus
706 3261 829 3340 iniquis,

185 3362 305 3420 Arsacis
321 3365 464 3438 occurrit,
491 3357 582 3419 crudo
600 3377 692 3442 quem
706 3359 840 3421 fervidus
858 3383 928 3422 ense

184 3463 309 3522 Antalus
324 3461 459 3521 medium
474 3471 605 3540 truncat,
629 3483 689 3544 qua
703 3467 833 3542 cingitur
844 3483 957 3540 arcum,

94 3568 163 3633 900
183 3575 312 3645 extaque
327 3585 382 3645 per
396 3567 531 3644 geminas
548 3567 643 3623 secuit
655 3567 796 3646 spirantia
810 3575 920 3645 partes.

174 3663 254 3725 *inde
266 3667 337 3725 ferit
351 3666 495 3747 pavidum
509 3687 651 3728 conversa
665 3666 787 3749 cuspide
798 3667 941 3743 Maleum,

182 3770 409 3850 Artemiumque
425 3769 528 3828 furens
545 3781 575 3828 et
589 3768 663 3830 duro
678 3771 800 3829 nomine
816 3771 956 3828 Maurum

182 3869 377 3950 transadigit,
399 3873 539 3952 socioque
557 3873 668 3932 infixus
686 3873 787 3931 deiicit
799 3873 903 3931 ictum.

222 3972 338 4036 zudtus
352 3975 472 4033 eximiis
485 3974 576 4052 longe
588 3976 808 4054 praesmnptior
820 3977 911 4032 aruris

91 4155 319 4211 mosollam
337 4159 457 4228 apen
558 4159 607 4214 aa
625 4157 722 4211 turmo
741 4157 814 4212 uer
913 4155 965 4212 ssa
982 4129 1077 4222 consu
1095 4147 1196 4206 letor

90 4225 146 4279 888
164 4226 262 4278 cuttctls
283 4229 322 4292 T,
349 4228 442 4299 campis
461 4227 493 4278 Μ
604 4229 655 4281 893
679 4245 729 4280 nou
767 4227 799 4278 de
819 4227 850 4278 M
962 4223 1024 4276 ibid.
1050 4218 1197 4302 perfidafl'

87 4293 242 4373 896-etdl,
258 4295 285 4350 io
299 4297 325 4350 Τ
424 4297 476 4350 899
492 4312 566 4349 arcus
577 4297 608 4349 Μ
707 4296 759 4350 903
775 4296 852 4348 deicit
866 4295 894 4347 Τ.
