2768 5146
414 677 598 752 vonclffl
620 679 866 751 PRAEFATIO.
1149 703 1193 752 nv

82 842 203 924 corippo
235 861 358 923 agenst
398 843 511 917 neas,
539 845 654 928 inquit,
684 847 807 910 ultiutoe
830 850 989 910 Romanae
1010 849 1195 928 eloquentiae

85 957 203 1008 conane
216 933 286 1012 non
299 947 500 1026 campenart,
521 953 576 1008 etei
587 949 681 1030 vulgo
695 954 796 1010 mim
809 948 923 1010 nobiltr
935 949 1115 1010 habeantur.

165 1049 223 1107 Sin
240 1067 319 1108 vero
336 1047 419 1114 hisce
437 1051 693 1112 observationibus
710 1056 819 1112 nostris
838 1062 992 1114 occurrent
1011 1053 1194 1133 quaedama

86 1149 286 1212 Rittershnsie
303 1162 357 1212 aut
369 1153 428 1212 elio
443 1155 587 1234 quopiam
601 1155 663 1212 iem
676 1165 849 1235 praecepte,
872 1152 979 1216 eadem
991 1155 1051 1216 illis
1064 1155 1194 1214 adscribi

87 1250 284 1314 vehementer
298 1251 408 1334 cupio:
430 1257 639 1336 nequeenim,
657 1265 776 1334 praeter
789 1259 888 1322 numi
902 1256 1064 1316 editionem
1078 1259 1192 1337 princi-

88 1373 159 1433 pem
175 1364 206 1414 et
227 1355 418 1434 Dempsteri,
439 1357 531 1420 eliam
543 1357 644 1416 ridere
658 1360 797 1436 contigit,
818 1377 894 1439 quas
909 1369 939 1418 et
953 1361 1050 1438 ipsas,
1074 1369 1107 1418 ut
1121 1361 1192 1440 pln-

87 1458 181 1532 rbna,
199 1455 297 1516 debeo
308 1455 488 1523 humanitati
501 1461 537 1522 V.
552 1459 586 1520 (i.
599 1461 686 1518 Petri·
695 1459 880 1538 Wesseling.
924 1479 986 1518 non
1000 1461 1101 1540 itaque
1115 1459 1191 1520 mibi

89 1555 190 1620 naudi
212 1579 279 1620 esse
300 1561 463 1638 voluerim,
487 1563 586 1644 siqui
607 1573 676 1620 ante
697 1582 752 1621 nos
770 1571 872 1620 nostra
893 1557 970 1623 torte
991 1558 1138 1634 dixerint,
1160 1572 1193 1621 ut
1311 1635 1317 1646 ,

89 1660 225 1719 numm·
245 1663 412 1742 inquiebat.
455 1663 512 1724 sed
533 1675 563 1723 et
582 1663 854 1745 quemieudabam
871 1661 980 1736 modo,
1001 1658 1143 1724 Bartbius
1159 1663 1192 1722 in

89 1762 346 1826 Advmrnrum
361 1768 463 1842 libris,
486 1767 648 1846 corippum
659 1767 796 1844 plurimis
811 1765 884 1828 locis
898 1775 948 1824 ant
963 1763 1126 1822 illustrarat
1140 1773 1193 1822 ent

90 1863 266 1930 emmdarat
275 1910 284 1940 ,
311 1887 388 1948 quae
413 1871 514 1929 omnio
531 1865 591 1928 buo
607 1877 742 1947 repetere
757 1871 855 1926 inanis
870 1865 945 1926 duxi
960 1880 1078 1942 operae.
1120 1865 1192 1922 nnl-

89 1967 136 2026 lss
150 1987 239 2046 porro
256 1969 378 2030 neuun
393 1981 446 2030 aut
458 1969 575 2030 defecta
585 1971 652 2028 loca
665 1969 805 2048 supplere
821 1985 979 2046 eggressus
992 1984 1072 2024 saun.
1114 1963 1193 2025 nibil

89 2073 176 2128 enim
187 2073 330 2128 incertius
342 2081 371 2129 et
383 2071 572 2131 arbitrarium
583 2073 682 2151 magis
693 2091 813 2150 semper
826 2065 939 2130 credidi
953 2086 1045 2149 quem
1056 2079 1193 2134 veterum

89 2183 244 2230 motorum
257 2175 375 2250 scriptis
388 2173 494 2250 verba,
516 2173 570 2237 ubi
583 2171 687 2232 deesse
703 2171 897 2244 videbantur,
917 2169 1072 2245 infarcire,
1097 2190 1191 2250 quum

88 2276 166 2340 forte
187 2275 286 2338 miliia
309 2276 383 2334 tnlia
402 2287 539 2336 nostrum
560 2277 729 2354 excogitare
751 2275 846 2354 possit
866 2273 1039 2350 ingenium,
1062 2291 1191 2354 quorum

87 2397 128 2435 ne
150 2395 247 2436 unum
267 2376 392 2457 quidem
415 2380 488 2458 ipsis
503 2380 542 2442 in
561 2389 695 2443 mentem
716 2379 841 2436 venerit.
884 2372 984 2432 docuit
1004 2395 1076 2434 sane
1095 2395 1191 2454 expe-

56 2545 60 2554 ,
88 2481 197 2538 rientia
210 2481 395 2539 coniecturas
408 2477 555 2540 eiusmodi
566 2483 695 2544 nimium
708 2489 854 2561 qnanmm
869 2495 933 2535 esse
946 2475 1085 2553 lubricos,
1105 2479 1191 2557 sique

85 2581 208 2642 codices
220 2584 345 2676 scriptos
358 2581 505 2658 consulas,
522 2581 676 2648 evidenter
689 2581 832 2662 adparere
845 2579 948 2638 falsas.
992 2574 1074 2658 quod
1088 2585 1118 2634 et
1133 2575 1192 2636 du-

88 2684 164 2744 dum
177 2687 236 2748 riri
250 2684 332 2744 docti
344 2686 550 2750 observarunt.
593 2685 631 2746 eb
647 2687 685 2744 iis
703 2687 806 2767 itaque
830 2679 912 2764 (uno
926 2679 1004 2738 forte
1018 2677 1084 2735 loco
1099 2695 1190 2735 exee-

87 2797 156 2870 pto,
176 2792 230 2869 qui
244 2789 421 2868 perspicuus
439 2783 524 2866 erat)
545 2787 694 2863 abstinui,
718 2806 807 2845 voces
821 2793 940 2842 tantum
955 2788 1122 2858 corruptas,
1146 2780 1190 2838 si-

87 2891 212 2972 quidem
226 2889 304 2950 mibi
317 2893 394 2950 tales
408 2889 593 2967 viderentur,
614 2909 738 2965 unere,
759 2897 810 2946 ant
821 2885 957 2946 versibus
970 2877 1074 2940 ordine
1088 2871 1190 2942 minus

89 3005 171 3054 recto
194 2993 345 3054 collocatis
370 2995 599 3074 transpositione
619 3010 736 3051 novare
755 2988 993 3068 interpunctione
1010 2980 1126 3040 mederi
1140 2983 1189 3038 in-

87 3099 188 3170 stitui,
207 3097 356 3156 nonnulla
377 3098 469 3156 etiem
486 3116 504 3154 a
521 3095 589 3154 crisi
602 3096 704 3156 miuus
718 3093 886 3152 necessaria
901 3085 1064 3148 vindicare.
1108 3079 1190 3164 quod

88 3210 122 3258 ut
143 3183 230 3262 nobis
253 3199 448 3278 successerit,
464 3196 598 3262 iudicent
616 3195 681 3260 alil.
722 3193 829 3260 sedin
849 3209 914 3256 rein
932 3195 1121 3269 praesentem
1134 3205 1190 3248 re·
1230 3205 1236 3242 t
