2768 5174
386 719 444 787 DE
468 718 676 789 ssunlsus
699 719 867 788 IUSTINI.
1101 719 1175 793 323

162 889 215 952 70.
257 881 370 967 esne]
392 885 464 947 Sen.
478 885 531 946 lib.
547 887 581 946 in
596 907 660 967 sap.
675 905 737 946 ncn
751 883 817 946 cad.
832 887 921 945 ininr.
936 905 963 946 ο.
979 882 1034 949 143
1056 887 1175 964 sapiens

79 993 140 1032 ιιοιι
156 971 278 1031 accedet
294 973 339 1031 cd
350 973 450 1054 first,
481 993 559 1053 quas
570 973 665 1032 (Ιαιαι
682 975 793 1032 mmor
808 971 929 1032 obsidet.
974 972 1080 1049 virgil.
1094 974 1173 1031 Aen.

81 1061 139 1120 11:
161 1057 309 1138 fidusque
328 1059 373 1117 dd
390 1059 499 1116 Ιὶιιιίιια
515 1070 623 1117 costos.
668 1077 728 1118 non
741 1062 774 1116 in
787 1059 862 1116 atrio
875 1059 945 1130 ille,
967 1053 1021 1114 sed
1034 1059 1066 1114 in
1081 1060 1173 1116 vesti-

78 1142 160 1202 bulo.
190 1143 463 1209 1u1.1³011ux.18.
495 1143 733 1208 0vtd.1ust.1:
755 1154 847 1223 utque
858 1127 962 1200 sedem
974 1144 1176 1218 comprimi

56 1291 61 1304 ¹
71 1247 170 1307 prope
190 1229 298 1286 limiam
313 1232 382 1286 tecti
395 1217 506 1288 ίαιιίλον
518 1249 652 1310 egressus
667 1230 863 1306 munitumque
875 1227 964 1286 videt.
1010 1223 1109 1284 dicam
1122 1229 1173 1286 in·

75 1313 133 1370 fra.
175 1313 260 1374 locus
282 1324 327 1373 est
348 1316 469 1392 elegans
489 1311 527 1373 ds
548 1317 722 1393 importuno
742 1317 868 1372 ianitore
882 1309 963 1392 opud
977 1308 1173 1370 Heliodorum

74 1395 216 1477 Aethicp.
233 1402 270 1473 8,
309 1399 362 1458 ubi
384 1403 501 1478 Bagoas
521 1397 707 1479 Euphratem
731 1393 908 1479 emulcdeiv
931 1395 1058 1475 desistir
1080 1389 1174 1478 ια’νῆς

75 1476 233 1560 dedecori
251 1505 283 1546 rs
302 1485 354 1548 καλ
371 1481 606 1566 θορυβούμενον
625 1484 677 1547 καλ
692 1485 739 1560 ric
756 1477 846 1558 οὗτος
860 1486 981 1566 βοῶντα
996 1479 1175 1558 emineatis,

76 1563 204 1651 Βαναίας
218 1565 276 1650 irai
288 1567 391 1650 Myce.
432 1572 574 1633 Dsssrsr.
1111 1587 1112 1590 ’

161 1657 214 1718 76.
257 1651 360 1713 deerat
378 1652 429 1714 hic
441 1656 586 1715 verbena:
613 1673 685 1712 nam
699 1655 742 1714 sic
756 1653 928 1731 legebatur,
950 1670 1040 1734 surge
1057 1651 1174 1711 Calici-

77 1757 131 1795 cus
144 1741 198 1795 αιί.
243 1740 381 1818 suppleri
395 1737 534 1801 addendo
551 1739 691 1820 agedum.
716 1742 857 1800 Dsnrsr.
900 1759 1003 1818 surge,
1024 1739 1085 1809 αιἀ,
1113 1737 1175 1795 Ca-

71 1821 204 1910 llinicus]
225 1825 389 1903 interposui
402 1821 435 1890 τὸ
448 1830 515 1899 am,
536 1845 597 1907 qna
609 1827 674 1884 sinc
691 1824 877 1884 claudicabat
889 1843 1004 1884 versus.
1024 1823 1120 1882 mas.
1212 1883 1216 1896 ,

161 1912 213 1972 77.
258 1908 321 1984 [ms
336 1911 479 1991 domitii]
506 1929 626 1972 mecum
637 1929 671 1970 se
685 1912 768 1990 legas
782 1912 923 1982 domina,
944 1910 1081 1968 restitues
1098 1925 1172 1986 pro-

74 1993 155 2052 fecto
170 1994 309 2073 Corippo‚
324 2013 416 2076 quam
429 1999 580 2076 eleganter
594 1998 762 2076 exprimere
777 1995 914 2068 intendis
928 1991 1059 2054 custodis
1069 2011 1174 2071 prom-

74 2080 244 2156 ptissimam
256 2080 477 2140 solicitudinem
493 2081 651 2142 nuntiandi
665 2083 778 2142 Iustino
793 2092 823 2142 et
836 2077 969 2162 Sophiae
983 2078 1120 2138 Callinici
1133 2075 1174 2136 ad

74 2163 155 2222 iores
167 2166 413 2244 intempestivum
425 2167 595 2227 adventurm.
621 2165 692 2225 hinc
703 2186 734 2226 v.
749 2170 789 2231 89
801 2170 915 2248 inquit:
928 2165 973 2240 fit
986 2164 1076 2222 ιάιολι
1088 2181 1176 2220 mora

75 2248 164 2306 ιιαΙΙα
177 2249 235 2308 dei.
281 2251 342 2323 clei,
364 2271 424 2333 qua
444 2254 589 2331 religione
607 2253 710 2332 paullo
732 2262 801 2310 ante
820 2272 851 2310 v.
873 2251 915 2318 85
938 2249 1072 2309 dixerat:
1103 2247 1173 2305 licet

75 2333 150 2392 huso
161 2334 234 2393 detes
247 2339 349 2395 omnm
355 2337 448 2417 fecit,
470 2349 500 2396 et
513 2358 542 2396 v.
558 2339 615 2402 52:
639 2355 713 2415 cape
727 2337 807 2396 dona
821 2337 879 2395 ἄνι’.
923 2337 1023 2396 Foco.

159 2421 211 2482 78.
256 2423 419 2482 Callinicus
435 2423 518 2482 idem
538 2434 624 2483 sonat
636 2443 671 2481 ac
686 2425 712 2482 si
728 2421 810 2482 dicas
823 2419 986 2500 puleiatum
1001 2419 1172 2488 victoriam,

75 2513 165 2583 atque
177 2502 259 2580 inde,
280 2509 378 2588 inquit
393 2516 496 2586 poeta,
519 2509 689 2586 auspicium
703 2511 817 2588 Iustino
827 2507 922 2587 filie:
945 2516 990 2566 est
1003 2507 1087 2564 enim
1101 2504 1173 2562 Cal-

74 2589 182 2647 linicus
196 2587 328 2668 hymnus
339 2595 490 2670 vintoniae,
512 2603 546 2652 ut
561 2592 643 2672 apud
656 2595 779 2652 Latinos
791 2595 820 2650 ιό
834 2595 955 2664 Paeon,
969 2595 998 2650 r'n
1009 2587 1173 2665 triumphe,

74 2671 187 2732 Athen.
200 2673 425 2752 Dipnosophist.
445 2677 484 2739 14
503 2683 560 2748 12,
587 2675 680 2755 idque
698 2680 874 2755 praesertim
891 2681 924 2734 in
937 2675 1082 2734 honorem
1094 2677 1173 2732 ller-

75 2758 162 2816 culis.
204 2759 262 2816 lul.
275 2759 389 2817 Pollux
401 2758 425 2822 4·
440 2757 490 2821 11.
533 2759 693 2838 Euripides
706 2763 738 2818 in
752 2763 882 2820 Hercule
903 2761 1036 2832 furente,
1067 2768 1101 2816 ut
1115 2757 1172 2816 ob-

74 2854 174 2901 servat
186 2839 376 2901 doctissimus
390 2845 524 2900 Muretus
542 2845 687 2902 νοι.1οοο.
702 2849 722 2908 3
742 2846 800 2919 11,
831 2841 887 2908 edu
901 2845 1084 2905 Καλλίνικον
1101 2837 1175 2920 μεταλ

73 2932 158 2989 θεῶν
182 2921 348 3007 ἐκώμασεν.
391 2938 422 2986 et
451 2929 563 2986 milites
588 2931 787 2986 Iustinianum
808 2929 992 2990 Καλλίνικον
1017 2935 1172 2999 vocarunt,

45 3079 46 3084 ἵ
73 3015 199 3092 Procop.
216 3013 290 3069 belli
305 3014 388 3070 Pers.
406 3017 436 3074 2.
481 3013 674 3070 sumebantur
691 3023 759 3070 ante
783 3015 908 3091 nugaria
930 3014 970 3086 in¹
986 3011 1173 3070 successione

74 3116 237 3174 regnorum
252 3116 269 3155 a
281 3097 465 3156 nominibus.
508 3101 609 3157 Victor
621 3101 653 3154 in
666 3096 856 3171 Theodosi03
872 3096 941 3156 vide
954 3105 983 3156 et
995 3097 1173 3155 Suetonium

75 3185 154 3260 Aug.
169 3185 220 3244 96.
263 3201 326 3238 non
348 3179 455 3240 desunt
478 3184 535 3239 riri
555 3185 607 3262 qui
628 3192 735 3262 putent
756 3181 838 3240 hunc
850 3184 1029 3242 Callinicum
1043 3176 1174 3238 eundem

75 3285 141 3325 esse
162 3285 231 3325 cum
248 3265 407 3336 Calcnino,
437 3285 529 3345 quem
540 3269 671 3326 Nauium
691 3271 858 3347 principem
880 3269 1012 3347 appellat
1023 3267 1174 3324 Diaconos

76 3354 117 3414 16
133 3354 165 3410 in
179 3352 354 3418 Iustiniano.
396 3349 532 3411 Adamas
547 3350 771 3428 Abrenethens,
803 3355 918 3432 collega
938 3361 969 3411 et
990 3351 1066 3410 civis
1086 3367 1173 3408 meus

75 3438 269 3496 suavissimus
282 3437 415 3517 olimque
430 3437 632 3516 periculorum
645 3441 804 3518 particeps,
817 3442 880 3497 iam
890 3435 1058 3497 medicinae
1072 3433 1175 3493 doctor

75 3532 107 3580 et
124 3524 312 3603 praepositus
329 3527 487 3601 gymnasio
506 3525 800 3603 Monspeliensumn,
823 3525 977 3598 censebat,
1000 3539 1071 3579 cum
1087 3519 1173 3579 nuilla

76 3613 154 3665 esset
168 3619 219 3666 aut
233 3627 299 3667 rara
316 3603 397 3686 apud
413 3605 570 3668 historicos
583 3609 695 3667 inentio
712 3611 858 3686 Callinici,
881 3607 1012 3668 eundem
1024 3623 1089 3665 esse
1103 3621 1173 3664 oum

80 3691 254 3770 Θολομαίου
268 3693 348 3772 apud
362 3693 573 3753 cassiodorum
587 3695 627 3756 10
641 3713 688 3773 ep.
705 3698 735 3769 8,
758 3706 788 3754 et
800 3706 878 3754 certe
889 3696 966 3753 mire
984 3693 1084 3751 munia
1099 3707 1173 3748 con-

75 3779 211 3836 veniunt.
243 3787 273 3834 at
287 3796 342 3854 ego
356 3781 476 3837 invenio
492 3777 575 3860 apud
589 3781 750 3838 Leontium
762 3778 974 3840 scholasticum
987 3781 1173 3856 epigramma

76 3860 115 3920 de
129 3863 262 3940 imagine
276 3861 413 3920 Callinici
429 3865 618 3924 cubicularii:
647 3859 751 3928 ediles
767 3863 822 3946 μὲν
840 3869 927 3950 νικᾷς
943 3866 1068 3944 κραδίης
1082 3855 1173 3924 τόσον

77 3939 151 4009 ὅσον
170 3943 311 4024 ὀπωπῆς·
343 3951 398 4023 τῆς
416 3945 474 4030 γαρ
496 3948 669 4028 ἕπωνυμίης
685 3947 754 4026 ἄξια
770 3947 868 4013 πάντα
879 3949 991 4032 φέρεις.
1032 3948 1171 4006 meminit

75 4031 284 4104 nontermino,
312 4041 341 4088 et
355 4033 409 4090 lib.
431 4032 452 4094 4
473 4053 505 4090 n.
521 4035 552 4098 5.
581 4037 721 4096 Drnrsr.
765 4037 818 4094 illo
836 4036 1023 4114 dommine]
1046 4029 1172 4093 Calinici

76 4135 201 4194 nempe,
225 4135 285 4195 qno
298 4115 378 4176 bons
393 4119 517 4176 victoria
533 4121 758 4198 significaretur,
780 4131 814 4180 ut
825 4141 900 4180 mox
915 4123 1060 4202 sequitur.
1103 4136 1174 4176 ver-

78 4221 129 4260 sus
151 4211 252 4258 autem
272 4220 361 4260 causo
377 4203 543 4262 Calinicum
567 4203 638 4263 dicit
658 4227 712 4285 pro
728 4208 888 4267 Callinico:
917 4226 991 4265 nam
1006 4208 1050 4265 sic
1065 4201 1171 4260 Graeci

77 4296 247 4344 constanter
260 4287 437 4363 καλλίνικος,
457 4307 519 4347 non
534 4293 696 4366 ναλλνιιιος.
738 4303 845 4352 notum
858 4313 899 4351 ex
913 4283 1100 4372 antiquitslte,
1120 4303 1171 4344 ⁸⁰·
1199 4351 1201 4360 ,

77 4373 147 4429 litos
166 4371 239 4430 boni
263 4375 372 4431 ominis
392 4391 480 4431 causa
500 4377 671 4434 citationem
690 4382 850 4437 nominum
872 4376 964 4437 ordiri
981 4378 1018 4434 ab
1037 4375 1076 4432 iis
1094 4389 1171 4449 quae

75 4457 155 4515 bens
168 4457 320 4536 auspicata
333 4467 442 4516 essent.
485 4461 527 4517 ita
545 4463 689 4520 nimirum
702 4457 904 4544 undequaque
924 4465 1025 4522 omina
1046 4455 1171 4532 collige·-

76 4542 160 4601 bant.
190 4545 290 4622 ‘porro
306 4540 386 4603 hunc
399 4546 577 4604 Callinicum
595 4550 656 4604 iam
673 4567 777 4607 senem
791 4551 885 4608 fuisse
899 4559 929 4606 et
939 4546 1098 4627 patricium
1116 4557 1171 4598 seu

76 4637 192 4706 patrem
205 4631 362 4710 principis,
390 4641 505 4690 constat
526 4651 568 4690 ex
588 4631 647 4692 fine
667 4634 739 4692 libri
753 4634 784 4696 4.
827 4634 880 4692 ubi
894 4630 933 4702 de
950 4630 1008 4689 hoo
1023 4625 1169 4704 dignitate

78 4731 172 4790 pauca
182 4714 301 4775 notabo.
344 4715 421 4777 illud
435 4715 486 4776 hio
499 4719 621 4799 insuper
634 4721 885 4800 operaepretium
897 4719 988 4778 iuerit
1001 4715 1169 4785 observare,

1235 3959 1241 3992 1

1310 3365 1316 3400 i
