2806 5160
180 637 255 712 396
499 637 642 708 NOTAE
665 631 711 706 ΙΝ
735 633 900 706 LIBRUM
922 637 957 706 Π

266 808 340 872 880.
383 805 559 884 exemplum
580 803 639 865 boc
659 805 789 886 pertinet
810 803 850 864 ad
870 803 933 868 li
955 803 990 864 (l.
1011 799 1049 862 de
1070 801 1182 884 legib,
1210 809 1248 862 et·
1263 805 1289 862 l.

180 894 325 972 Princeps
339 889 373 949 tl.
389 887 457 949 eod.
471 892 493 950 l.
509 895 561 955 25.
605 911 646 949 ex
660 892 853 972 imperfecto,
874 893 913 949 n.
929 887 967 948 de
982 890 1043 968 leg.
1057 893 1095 963 3,
1117 889 1140 947 l.
1155 891 1175 952 8
1190 889 1224 946 0.
1240 899 1289 947 te-

182 989 271 1038 stam.
291 973 309 1058 §
328 977 383 1036 ult.
404 979 478 1036 lust.
499 977 609 1056 quibus
622 975 705 1036 mod.
725 986 845 1036 testam.
859 977 916 1034 inf.
959 972 1048 1049 adde,
1070 973 1153 1055 qnod
1165 973 1198 1032 in
1212 993 1289 1032 con·

182 1062 326 1123 trsctibus
338 1064 479 1141 princeps
493 1060 617 1136 eodem,
640 1082 700 1144 quo
714 1065 838 1141 privati,
860 1065 925 1120 inre
941 1064 985 1119 uti
998 1057 1116 1118 debeat.
1159 1061 1257 1118 lirrr.

270 1151 343 1212 382.
386 1147 521 1206 liberalis
543 1149 576 1205 in
597 1149 744 1227 principio
764 1149 948 1227 principatus
966 1147 1024 1206 luit
1040 1147 1192 1204 lustinus:
1213 1164 1289 1204 nans

86 1283 96 1296 .
186 1235 289 1293 omnic
311 1231 412 1291 debita
434 1252 453 1290 s
471 1235 636 1296 Iustiniana
660 1243 810 1291 contrecta
827 1230 1022 1292 oreditoribus
1038 1230 1169 1289 exsolvit
1186 1234 1289 1290 statim

186 1329 277 1399 etqsn
293 1316 419 1396 adeptus
434 1327 479 1376 est
488 1319 662 1397 imperium.
698 1337 790 1397 supra
803 1320 878 1384 261.
910 1337 967 1375 neo
978 1335 1048 1375 vero
1064 1317 1218 1375 omiserim
1228 1336 1290 1377 no·

185 1405 247 1462 bile
268 1403 383 1461 factum
403 1401 536 1482 Sophiae
559 1407 730 1482 Augustae,
752 1421 831 1484 quae
846 1405 933 1461 tertio
947 1403 1054 1461 lustini
1066 1421 1163 1475 anno,
1186 1421 1290 1460 eccer-

186 1491 253 1548 sitis
268 1490 462 1568 pusularum
477 1487 683 1549 venditoribus
699 1498 730 1547 et
741 1489 880 1562 notariis,
902 1486 1013 1546 deferri
1033 1490 1184 1546 eruturus
1204 1485 1290 1544 debi-

187 1583 329 1632 tonsuret
343 1571 443 1632 breves
455 1577 558 1648 iussit,
580 1585 611 1634 et
624 1575 762 1656 praebuit
777 1593 828 1632 eas
842 1572 1027 1632 debitoribus
1043 1583 1073 1632 et
1086 1570 1217 1631 reddidit
1231 1571 1290 1631 do-

188 1661 292 1718 minis.
334 1660 421 1716 l’aul.
432 1661 558 1718 Diacon.
571 1661 630 1718 nisi
641 1660 728 1734 forte,
749 1657 833 1740 qnod
845 1657 980 1724 historici
991 1659 1025 1716 in
1039 1659 1161 1716 tertium
1176 1676 1292 1716 annum

189 1746 311 1817 latini,
333 1741 384 1801 bie
398 1746 429 1802 in
442 1747 589 1824 principio
603 1747 703 1824 ponit,
726 1755 756 1802 et
771 1743 853 1824 qnod
868 1745 915 1802 illi
930 1741 1080 1824 Sophiste,
1102 1740 1153 1800 bic
1164 1743 1224 1822 ipsi
1237 1747 1291 1802 lu-

192 1832 271 1890 stino
287 1827 447 1903 adscribit'3
469 1829 552 1910 qnod
565 1849 626 1889 non
641 1840 686 1889 est
697 1832 820 1889 omnino
834 1830 977 1888 alienum.
1019 1831 1163 1888 Dssrrsr.

276 1917 350 1979 383.
393 1915 632 1994 elegentissime3
654 1935 712 1974 nec
730 1916 832 1974 locum
850 1915 1065 1994 elegantiorem
1086 1914 1120 1972 in
1144 1922 1206 1972 toto
1230 1913 1292 1972 (lo-

193 2001 279 2078 rippo
295 2010 414 2060 exstare
429 2003 582 2060 existimo.
624 2003 757 2082 primum
773 2003 855 2058 enim
873 1997 1108 2080 quampulchre
1122 1997 1207 2058 heres
1218 1996 1293 2056 sub-

191 2087 300 2144 stitisse
312 2085 359 2143 illi
373 2084 491 2161 dicitur,
510 2088 564 2144 cui·
572 2089 729 2166 proximus
744 2095 808 2144 erat
819 2096 849 2143 et
861 2104 936 2144 mox
949 2081 1160 2146 successurus?
1183 2081 1295 2142 deinde

192 2172 281 2228 vivus
294 2169 377 2228 Ιιινειι
394 2174 480 2251 quasi
496 2175 659 2250 genuinus,
682 2182 713 2230 et
726 2174 752 2230 is
766 2189 858 2251 quem
871 2171 1078 2230 iurisconsulti
1094 2171 1190 2229 nostri
1203 2189 1294 2228 rursm

192 2253 284 2336 (vide
306 2255 462 2316 Coracium
480 2258 647 2316 Miscellen.
668 2261 689 2320 8
712 2254 771 2333 16)
792 2268 915 2331 vocant,
936 2257 1008 2316 licet
1023 2261 1113 2336 pob'ts
1127 2257 1220 2315 letius
1235 2252 1294 2314 boc

192 2344 335 2402 surnserit
348 2343 381 2398 in
395 2339 454 2399 hoc
466 2344 612 2420 principe.
655 2341 724 2400 talis
734 2343 888 2417 nimirum,
911 2345 964 2423 qui
975 2361 1036 2401 non
1049 2339 1171 2400 aliunde
1184 2343 1295 2401 unitus

193 2423 248 2486 sed
262 2424 303 2483 ad
316 2445 384 2484 eam
396 2424 595 2485 hereditatem
609 2435 696 2486 natus
711 2429 766 2502 sit,
789 2437 823 2485 ut
839 2429 904 2486 vivi
919 2425 1054 2506 lapides,
1075 2429 1148 2486 νὶνα
1165 2423 1248 2486 unde
1265 2433 1308 2485 et'

192 2509 279 2598 mille
294 2511 398 2568 telina
413 2513 512 2591 poros
524 2512 673 2590 elegantia
688 2531 784 2592 paene
798 2531 860 2572 non
874 2511 988 2572 effabili
1005 2510 1154 2587 dictentur,
1173 2511 1211 2572 de
1224 2514 1295 2593 qni-

194 2595 251 2656 bus
264 2589 368 2655 nsultis
381 2594 513 2657 secunda
528 2599 701 2660 recensione
716 2595 885 2659 claudiani.
929 2598 1022 2677 vulgo
1037 2601 1139 2658 minus
1155 2595 1231 2657 haec
1245 2598 1296 2656 in·-

195 2682 318 2740 tellecta
340 2681 427 2743 docet
448 2681 600 2744 distinctio
622 2693 770 2763 corrupta.
815 2694 848 2742 at
867 2685 980 2744 misum
997 2682 1232 2744 ensditissimnm
1247 2685 1298 2740 vi-

81 2809 83 2820 ,
195 2786 263 2826 rum
286 2755 440 2830 Thomanr
460 2771 674 2850 Dempsterosn
693 2779 758 2830 tem
776 2767 872 2830 nobili
887 2771 955 2830 loco
969 2767 1048 2830 nibil
1062 2769 1152 2849 plane
1165 2779 1297 2850 notasse.

193 2854 320 2914 Bsaru.
526 2911 529 2916 .

282 2938 324 2997 ih.
370 2941 500 3014 celebrat
526 2943 633 3010 lustini
652 2931 924 3004 laudabilissimam
947 2942 1083 3016 lechas,
1110 2905 1299 3022 syngrapltds

198 3025 340 3086 collectas
359 3026 526 3088 abolevisse
542 3029 715 3110 populoque
730 3027 832 3088 debita
845 3031 1007 3088 remisisse.
1049 3024 1083 3088 id
1094 3047 1165 3088 vero
1177 3025 1300 3086 mulieri

199 3108 320 3170 divinae
334 3112 431 3190 ipsius
445 3116 566 3191 coniugi
573 3115 681 3174 tribuit
691 3117 824 3173 Zonaras
835 3115 946 3174 Annal.
959 3119 991 3178 3.
1024 3124 1055 3180 et
1065 3114 1204 3173 meminit
1217 3111 1301 3172 (lon-

199 3198 347 3276 stantinus
362 3215 480 3279 quoque
493 3201 657 3275 Manasses,
671 3219 728 3258 neo
742 3202 843 3259 omisit
855 3202 1023 3266 memorare
1033 3197 1164 3260 blichadl
1177 3197 1300 3277 Glycss.

200 3279 282 3360 quod
297 3301 360 3340 non
372 3281 500 3342 debebat
515 3287 652 3344 omittere
668 3287 917 3346 commentarium
931 3286 1064 3345 scribens
1080 3281 1304 3344 eruditissimus

200 3366 406 3446 Dempstenss.
450 3365 533 3428 aliud
547 3371 646 3429 simile
659 3371 835 3450 exemplum
848 3368 942 3430 habes
956 3369 1038 3451 apud
1050 3391 1098 3431 res
1112 3379 1211 3450 gestas
1222 3369 1304 3427 Gre-

202 3455 298 3530 gentii
317 3473 334 3510 a
351 3451 490 3513 Palladio
508 3455 714 3516 Alexandrino
737 3455 915 3536 descriptas,
938 3453 976 3514 de
998 3475 1070 3536 rege
1093 3473 1234 3516 converso
1261 3449 1304 3512 ad

202 3533 373 3645 Christum:
395 3537 445 3602 sol
463 3536 521 3645 seps
532 3543 634 3604 πᾶσαν
648 3538 756 3605 ἄδικον
770 3537 949 3626 συγγραφήν
960 3545 1123 3606 smarnos
1137 3537 1188 3604 sol
1199 3542 1306 3604 πᾶσαν

200 3629 828 3792 “cmliiidudddis‘lmdlrldddarldldddant
846 3710 940 3796 libros
951 3712 985 3770 in
997 3711 1107 3793 quibus
1119 3708 1234 3788 accepti
1245 3724 1305 3766 ex-

200 3794 347 3874 pensique
370 3799 538 3855 continetur
557 3800 644 3857 ratio.
687 3796 761 3856 Son.
783 3793 821 3854 de
839 3796 977 3860 benef.1
999 3803 1037 3862 2:
1059 3816 1144 3858 nenw
1162 3793 1307 3868 beneficia

204 3880 238 3935 s'n
259 3871 431 3938 calendcrrb
456 3881 572 3954 scribit,
592 3903 648 3941 nec
660 3901 773 3940 ovante
787 3892 905 3940 exactor
921 3881 1082 3941 ‹sd-horam
1092 3893 1121 3939 et
1131 3880 1210 3940 dcem
1220 3875 1308 3938 debi-

204 3974 296 4022 torem
315 3965 461 4044 appellat.
506 3969 560 4027 lib.
579 3971 602 4034 7
624 3969 682 4030 1οτ
706 3967 783 4047 quid
792 3967 890 4047 finus
903 3967 1151 4026 etculendars'um
1169 3977 1198 4023 es
1213 3983 1310 4024 sursra

205 4051 265 4106 rss‘ss'
276 4048 429 4122 hunsanae
443 4053 617 4131 cupuditate
629 4063 712 4110 extra
724 4063 867 4112 naturam
881 4055 1017 4136 quaesita
1029 4049 1176 4111 nominc?
1218 4051 1310 4129 epist.

203 4135 263 4199 88:
285 4139 363 4215 puris¹
372 4145 504 4218 neugma
518 4137 595 4196 liber
609 4136 778 4196 calendarii
788 4138 944 4198 evolvitur.
991 4140 1044 4220 qui
1058 4139 1144 4197 locus
1156 4137 1233 4194 mire
1246 4131 1310 4193 huc

205 4221 362 4280 consenitt
385 4223 452 4282 aliis
466 4235 613 4300 notatum,
635 4221 691 4282 sed
705 4243 767 4282 non
781 4223 850 4284 ideo
864 4222 1027 4284 silendum.
1069 4223 1253 4284 Tertullian.
1270 4217 1311 4278 de

204 4301 311 4365 habitu
333 4309 475 4367 muliebri
496 4311 529 4366 in
552 4308 629 4368 fine:
648 4309 781 4388 grandes
800 4313 922 4368 αιινὴιιη
940 4321 1022 4369 cretea
1035 4307 1244 4367 calendarium
1258 4325 1312 4363 esb

201 4391 350 4466 pendunt.
396 4393 543 4452 Scaevola
557 4397 597 4454 lc
607 4395 699 4459 ·lib.6
718 4393 921 4475 digestorum:
943 4399 1142 4454 incramenta
1164 4390 1313 4452 calenda—

205 4477 246 4532 ris⁸
259 4488 288 4534 et
302 4497 440 4536 nummos
454 4479 587 4560 reliqurt.
632 4481 724 4556 ratio,
747 4480 830 4561 quod
850 4479 984 4540 calendis
998 4479 1187 4540 feneratores*
1200 4487 1231 4536 et
1246 4476 1314 4536 col·

206 4559 334 4640 lybIstae
346 4567 504 4644 exigerent
515 4565 635 4642 fenora,
645 4599 648 4606 ν
657 4577 863 4648 ponerentque
872 4568 1032 4647 pecunias.
1071 4563 1198 4624 Ovidius
1210 4561 1249 4622 de
1259 4582 1314 4621 re-

206 4645 288 4707 med,
302 4649 406 4710 Amor.
420 4654 457 4728 2,
479 4653 628 4730 Martini,
651 4661 682 4726 et
700 4653 817 4712 Horatii
835 4653 1014 4734 interpretes
1034 4648 1073 4710 ed
1091 4648 1190 4730 Epod.
1205 4651 1239 4714 2.
1281 4655 1314 4707 at
