2790 5130
400 27 432 76 et
443 16 521 76 bene
537 16 668 99 direptos
682 39 829 100 ponemus
843 20 969 101 prandia
982 40 1095 81 murus.
1121 48 1126 61 2

401 119 549 200 sculptilis
562 122 632 197 ille,
654 123 715 180 tuis
729 125 813 182 euius
828 126 994 183 munimine
1009 126 1125 184 (rustris¹

315 217 378 286 405
397 241 541 302 prospera
557 219 658 281 danda
673 235 800 301 canunt,
822 222 956 306 disperso
971 226 1076 286 robore
1090 228 1128 294 Gr

400 323 562 400 scinditur,
584 323 783 408 ardentesque
798 328 900 408 palam
915 331 1051 388 mittetur
1065 327 1129 388 adl

400 427 539 504 gentibus
553 426 671 504 effusis,
691 449 797 510 eampo
810 442 969 512 quaeretur
983 433 1016 489 in
1030 430 1084 490 illo

398 530 551 589 montibus
566 540 597 589 et
610 533 739 607 cunctis,
764 543 910 613 quotquot
924 535 1076 591 Maurusius
1091 553 1131 611 ge

398 631 547 710 impietas.
590 633 689 691 soelus
704 631 762 692 hoe
779 655 849 692 uum
863 636 941 694 iusto
958 637 1052 692 Marta
1069 634 1132 714 piel

314 730 377 797 410
395 744 498 793 nostra
510 753 633 808 manus,
656 732 769 794 calidos
782 748 971 816 prosternens
984 756 1113 817 aequore
1127 746 1133 794 t

395 837 556 896 verticibus
571 839 677 916 raptis,
700 835 798 897 discas
814 837 895 919 quod
908 839 1021 918 proelia
1035 856 1134 918 possm

394 949 495 998 nostra
509 941 621 1018 magis,
643 942 769 1000 miseros
782 943 862 999 ensis
877 937 950 998 dum
964 940 1103 999 vendicet
1117 943 1135 1000 l

394 1052 424 1100 et
438 1044 570 1122 peritura
584 1041 694 1103 eadunt
705 1041 847 1122 dispersis
861 1046 983 1122 agmina
996 1038 1117 1103 souis?

436 1146 496 1204 Vix
510 1165 546 1203 ea
560 1145 639 1206 satus
653 1157 730 1205 erat:
752 1149 863 1205 missus
876 1155 1019 1204 montana
1034 1146 1137 1205 teueba

308 1243 370 1312 415
392 1255 488 1305 eastra
502 1246 627 1312 adversa
640 1261 746 1308 teneus
759 1247 862 1306 medie
875 1250 906 1305 in
920 1252 1049 1306 tentoria
1063 1260 1138 1306 treus

391 1347 549 1427 indubius,
572 1350 735 1434 sedemque
750 1350 807 1408 feri
822 1347 981 1430 petitinde
997 1352 1128 1430 tyranni.

392 1448 519 1510 humida
532 1474 595 1513 nox
609 1457 694 1515 eaelo
708 1454 856 1532 fulgentia
868 1451 966 1511 sidera
980 1450 1078 1510 reddit

276 1627 280 1637 Ι
389 1555 585 1638 palantesque
599 1559 670 1638 polo
685 1557 807 1618 stelles:
828 1576 901 1614 narn
915 1552 1043 1634 Cynthia
1058 1574 1138 1614 eurnr

393 1659 456 1717 iam
469 1678 580 1737 vacuo,
603 1661 745 1720 obscurae
759 1680 816 1718 nea
829 1660 976 1739 praebens
989 1658 1102 1715 lumina
1117 1667 1138 1715 tr

306 1756 370 1824 420
390 1780 520 1842 aequore
533 1783 632 1822 mersa
646 1764 721 1837 fuit3
743 1764 857 1821 mensis
871 1771 1046 1820 tenuaverat
1058 1763 1138 1838 ignes

391 1862 520 1922 sednon
534 1876 629 1924 castra
643 1864 754 1923 dueum
766 1867 863 1923 noetis
878 1883 998 1923 sensere
1014 1862 1137 1921 tenebra

391 1965 508 2023 luminu
520 1965 616 2026 densa
634 1967 710 2025 focis
725 1984 781 2045 per
794 1984 916 2045 campos
933 1965 1014 2028 olera
1028 1965 1138 2022 reluaer

387 2086 500 2147 perque
520 2067 596 2127 altos
612 2078 728 2125 montes
746 2066 885 2146 splendet
899 2069 1082 2126 contermina
1096 2067 1138 2123 tel

388 2170 526 2249 ignibus,
549 2177 578 2225 et
592 2165 702 2225 densae
715 2167 832 2228 radiant
846 2172 878 2227 iu
891 2169 995 2227 nubila
1008 2171 1111 2228 silvae.

304 2268 366 2336 425
387 2274 456 2353 quis
474 2270 592 2330 caelum
611 2288 629 2327 a
645 2271 733 2328 terris
746 2272 798 2329 illa
813 2269 982 2330 discernere
996 2281 1099 2351 posset

387 2384 492 2449 nocte,
517 2373 617 2431 ferens
631 2391 708 2452 quae
721 2373 809 2431 stella
822 2375 937 2448 nitens,
960 2391 1037 2454 quae
1051 2373 1138 2431 damu
