2768 5146
60 669 75 690 ..
195 591 286 686 xxo
570 579 910 680 ntzznccnann

197 777 299 842 lodata
314 779 476 842 biblioteoa
489 777 685 842 'l’rirnlaiaaa
703 777 752 840 de’
765 780 846 842 verri
859 777 891 842 di
903 787 1009 864 quarto
1023 787 1114 861 poeta
1134 787 1218 860 parte
1230 781 1295 840 laa-

198 885 255 942 tini
268 903 284 940 e
298 894 382 962 parte
395 883 525 942 ltaliani.
566 883 589 942 l'
603 902 663 944 nno
676 883 737 944 ein
748 895 945 964 pergamena,
968 882 1051 944 edin
1065 880 1101 958 43
1124 903 1141 940 e
1154 883 1297 942 contione

197 983 427 1056 terracmam,
449 995 527 1044 atre
545 985 617 1044 libri
632 981 713 1052 della
727 986 899 1056 Romnha,
921 975 1191 1066 obednnpoema
1205 1004 1298 1066 sopra

195 1087 230 1148 la
248 1083 436 1146 fondatione
449 1083 481 1145 di
505 1087 618 1164 lionae,
648 1107 666 1146 e
691 1085 738 1148 de'
761 1091 837 1148 varii
857 1089 926 1150 fatti
945 1085 978 1146 di
999 1085 1066 1168 qne¹
1085 1087 1176 1164 primi
1189 1085 1297 1164 tempi,

198 1199 275 1248 tntte
296 1191 398 1270 poesie
419 1190 537 1266 Latine.
580 1190 601 1248 1¹
614 1190 692 1249 altro
705 1190 723 1250 ὲ
736 1201 889 1266 eattaoeo,
911 1188 951 1250 ed
964 1189 983 1250 i
997 1193 1030 1248 in
1042 1188 1154 1266 fogli03
1178 1208 1194 1246 e
1210 1201 1298 1246 oom-

198 1287 312 1370 prende
325 1293 406 1350 varie
422 1289 542 1371 Elegia,
563 1311 605 1350 nn
618 1303 768 1370 poemetto
781 1293 861 1352 anila
872 1311 980 1372 guerra
994 1290 1023 1350 d’
1038 1289 1164 1364 Affriaa,
1186 1289 1299 1348 eenlla

198 1393 318 1452 rittoria
332 1389 364 1452 di
377 1413 439 1452 non
452 1412 485 1452 ro
499 1395 570 1476 qual
583 1394 747 1468 Gloranni,
769 1393 1036 1452 medeeimaruente
1049 1394 1082 1450 in
1094 1377 1173 1452 varai
1183 1393 1298 1452 Latini.

115 1549 116 1552 ,
199 1490 284 1574 dipoi
303 1513 437 1582 aegnono
451 1493 552 1552 alermi
565 1495 686 1576 capitoli
701 1497 734 1552 in
745 1495 977 1568 ventilationi,
1000 1491 1056 1552 ohe
1070 1489 1171 1552 banno
1187 1513 1242 1574 per
1254 1495 1297 1552 ti-

182 1649 184 1652 .
199 1595 262 1654 tolo
280 1581 416 1654 Victorii
428 1597 574 1654 vimmo
588 1617 658 1656 cnm
670 1598 752 1657 vitiis
764 1597 1016 1674 conflictantium,
1037 1597 1199 1674 oompoer'ta
1210 1617 1233 1656 a
1246 1596 1300 1656 Io-

199 1695 301 1756 banne
315 1697 352 1754 de
363 1697 461 1756 Bonis
476 1697 515 1756 de
526 1697 633 1758 Aretrb
639 1722 653 1774 ,-
675 1721 691 1758 e
706 1711 810 1782 questo
825 1709 983 1780 poematia
993 1700 1027 1756 in
1039 1707 1119 1756 terna
1134 1699 1211 1758 rima
1229 1700 1300 1760 vol-
1336 1711 1338 1714 '

200 1809 273 1877 gare
285 1797 303 1857 i
317 1801 349 1856 in
360 1809 436 1858 aette
449 1802 530 1860 oanti
543 1795 675 1864 diviso!
717 1803 868 1862 Franoiaoi
883 1802 1010 1860 Antonii
1022 1810 1124 1860 antem
1135 1797 1301 1862 Zachariae

199 1901 293 1961 rerba
312 1898 478 1962 haereant
498 1905 533 1962 in
552 1905 692 1966 Excutere
713 1905 858 1965 libroruin
878 1922 905 1962 o.
927 1904 966 1966 16
990 1921 1021 1982 p·
1038 1905 1118 1966 322:
1139 1894 1301 1964 ‘fluitabat

199 2001 430 2085 quadragesima
443 2003 534 2067 haina
547 2009 619 2066 anni
634 2009 727 2076 1752.
768 2006 920 2088 Florentia
932 2006 1024 2083 igitur
1037 2001 1170 2082 diroeaei,
1184 2019 1219 2068 ut
1230 2011 1301 2068 Me·

201 2102 358 2166 diolannm
378 2125 429 2166 me
448 2109 632 2184 eonferrem,
660 2111 714 2168 ubi
735 2111 768 2168 in
788 2110 823 2183 β.
842 2105 956 2184 Fidelis
978 2103 1104 2180 aedibus
1124 2111 1303 2170 oonoionenr

201 2225 285 2266 eram
297 2205 454 2268 habiturae
470 2231 512 2269 ex
524 2212 622 2270 Patria
638 2210 799 2270 Simonetti
813 2207 917 2268 domui
929 2207 1131 2285 profeeeonnn
1143 2212 1246 2290 paneis
1257 2211 1301 2270 ab

199 2305 273 2370 hino
287 2311 373 2369 annia
386 2311 550 2392 praepositi
563 2313 728 2371 voluntate.
769 2323 858 2396 atque
874 2319 906 2370 ut
919 2309 993 2368 illno
1010 2312 1099 2385 reni,
1119 2309 1183 2370 adii
1196 2313 1303 2386 atatim

201 2413 302 2472 Ernin.
319 2413 588 2472 Penteobonellum
609 2411 792 2474 cardinalem
811 2413 1031 2492 arnpliaeirnrnn
1046 2423 1077 2472 et
1090 2413 1303 2474 Mediolanen-

201 2533 268 2575 aem
287 2511 546 2596 arolriepiaoopnnr
568 2517 651 2576 omni
672 2513 840 2575 eruditione
858 2517 1031 2590 excultum,
1050 2519 1104 2600 qai
1117 2536 1236 2597 earmina
1249 2535 1303 2582 me

202 2613 391 2678 humanitate
411 2619 588 2698 complexus
603 2619 730 2698 longnrn
744 2615 782 2678 de
796 2617 950 2679 litterariis
965 2619 1055 2680 rebne
1068 2639 1240 2680 termonem
1250 2621 1303 2688 in-

202 2721 310 2780 rtitnit.
343 2717 384 2779 ad
396 2717 487 2780 aedae
498 2721 537 2780 ol.
552 2717 667 2780 maroh-
680 2719 835 2786 'l'heodori
846 2719 1014 2782 Alexandri
1025 2723 1168 2782 Trivnltii
1181 2735 1303 2804 poetam

167 2829 173 2854 ¹
203 2819 253 2880 die
265 2819 391 2898 adorari,
414 2833 444 2882 et
456 2843 577 2914 noram,
599 2844 659 2906 qna
674 2825 901 2896 eelaotiaaimam
914 2821 1130 2886 bibliothecam
1143 2843 1232 2884 anam
1244 2845 1303 2892 aa·

201 2937 305 3001 xerat,
325 2926 473 2986 librorum
494 2945 557 2987 mea
577 2925 784 3009 editorrnnque
803 2928 1024 3009 supellectilem
1042 2929 1151 2988 lnbene
1167 2929 1303 3007 inspexi·

202 3027 283 3088 inter
300 3047 362 3090 mre
382 3027 501 3089 oodioee
516 3029 640 3088 Ioanne
654 3029 691 3088 de
703 3029 801 3088 Bonis
813 3029 938 3088 Aratrioi
949 3031 1055 3090 ltalioa
1069 3041 1099 3094 et
1114 3031 1304 3094 Latinam·

202 3131 288 3191 mina
306 3151 368 3190 non
386 3153 447 3192 uno
467 3133 620 3192 volumine
643 3129 858 3212 comprehensa
879 3125 1051 3192 adeorrat.”
1091 3129 1250 3192 audiamur
1271 3142 1304 3192 at

202 3253 250 3294 oo.
270 3231 539 3312 Mazzuehellium,
559 3237 612 3320 qni
630 3235 709 3294 inter
729 3221 893 3314 Scriptores
912 3236 1030 3295 ltabbe
1043 3233 1125 3316 (rol.
1141 3237 1164 3297 2
1178 3235 1304 3313 panea

202 3337 326 3396 Brixiae
345 3341 491 3418 impressa
513 3341 639 3404 a.1762
657 3335 806 3418 p.1665)
829 3335 997 3400 Iohannem
1017 3357 1135 3418 qnoque
1147 3334 1193 3395 de
1209 3336 1306 3400 Boni·

203 3448 339 3497 reoeneet
352 3436 411 3498 hoo
428 3443 566 3500 ertionlo.
614 3432 789 3498 “Giovenni
804 3438 949 3499 dolionis
961 3442 1085 3500 Aretino
1100 3439 1163 3498 liorl
1180 3439 1258 3498 oiroa
1271 3439 1306 3496 la

204 3537 263 3600 fine
288 3537 339 3596 del
365 3543 466 3600 reoolo
487 3548 539 3608 13.
589 3544 616 3600 ei
636 3539 743 3599 dilettb
762 3540 794 3600 di
813 3542 917 3622 poeeia
934 3543 1043 3602 Latina
1063 3563 1081 3600 e
1101 3541 1241 3620 volgare,
1269 3541 1305 3600 in

204 3637 353 3702 ernendae
367 3643 398 3702 le
411 3645 495 3726 quali
508 3641 550 3702 ha
563 3643 680 3706 laaoiati
692 3645 754 3722 varj
771 3645 1020 3724 componimenti‚
1043 3643 1117 3704 riori,
1130 3645 1160 3702 la
1180 3643 1305 3702 Bucco-

203 3743 265 3802 lica
273 3787 285 3815 ‚
307 3765 324 3804 a
345 3746 376 3804 la
398 3745 549 3806 Romulea
569 3747 603 3806 ia
622 3756 667 3805 tre
683 3745 753 3804 libri
769 3746 818 3804 ne‘
834 3747 917 3828 quali
929 3757 1017 3806 tratta
1028 3745 1110 3806 della
1124 3742 1304 3822 fondezione

204 3842 236 3904 di
250 3847 346 3936 lionra
361 3869 378 3906 e
394 3847 426 3908 di
440 3851 503 3928 varj
517 3850 585 3908 fatti
601 3847 633 3907 di
647 3847 715 3930 qne'
729 3848 820 3927 primi
830 3849 935 3927 tempi,
958 3845 1015 3906 ohe
1028 3849 1158 3908 aristone
1172 3869 1190 3906 a
1204 3865 1305 3927 perena

205 3949 237 4006 in
253 3968 295 4006 nn
311 3949 414 4012 oodioe
426 3952 460 4010 in
475 3948 495 4014 4
509 3948 589 4009 della
604 3951 727 4010 libreria
741 3949 793 4010 del
806 3948 941 4010 ohiariaa
955 3950 1020 4029 sig.
1034 3948 1149 4012 Marah.
1164 3948 1304 4018 Teodoro

205 4051 388 4114 Aleseandro
410 4047 549 4113 Trivnlzi
570 4054 603 4112 in
621 4055 751 4130 Milano‚
773 4073 876 4134 presto
895 4051 926 4110 al
948 4054 1037 4134 quale
1053 4071 1096 4112 nn
1111 4055 1187 4114 altro
1201 4050 1305 4112 oodioe

205 4154 238 4214 in
260 4153 355 4232 foglio
376 4157 405 4213 ai
425 4175 584 4230 converse,
610 4155 644 4214 in
667 4157 716 4214 oni
738 4175 801 4214 mar
824 4156 850 4214 ai
871 4166 996 4213 trovano
1021 4157 1102 4214 varie
1123 4157 1220 4234 elegio
1243 4157 1305 4212 ba-

205 4257 284 4331 tine,
318 4276 359 4314 nn
381 4267 541 4336 premetto¹
553 4258 632 4318 ealle
649 4275 757 4336 guerra
776 4252 806 4313 d'
830 4254 958 4332 Affrioa,
993 4277 1010 4314 e
1030 4258 1108 4330 eulla
1131 4258 1251 4316 rittoria
1273 4255 1307 4316 di

204 4379 247 4417 nn
275 4369 355 4418 carto
382 4360 531 4418 Giovanni
556 4380 630 4440 pure
657 4361 690 4418 in
714 4361 844 4434 Latino,
879 4381 896 4418 e
925 4379 968 4418 nn
990 4369 1141 4439 poemetto
1168 4359 1202 4416 in
1224 4369 1306 4418 terea

206 4463 283 4520 rima
304 4459 426 4542 volgare
444 4458 541 4519 diviso
562 4462 594 4518 in
613 4472 688 4521 nette
709 4465 788 4522 canti
809 4462 976 4521 intitolato:
1010 4461 1143 4520 Wotorr'a
1161 4462 1309 4520 virtatrnrr

204 4583 275 4620 cnm
297 4565 378 4623 vitice
400 4561 659 4642 conflictantium,
693 4568 762 4626 tutti
794 4565 1030 4655 oornponimanti
1055 4558 1105 4620 del
1127 4573 1230 4624 nostro
1251 4583 1309 4624 au-
