2768 5174
253 689 261 702 ·
343 655 866 760 ‘nemenucsmsruu
1102 695 1179 768 313

20 925 23 932 .
76 853 1179 942 mmmmmoooocomotmecdoflomtteestsisoetccfida

77 945 160 1006 oreb.
203 945 330 1004 Bssru.

165 1044 216 1112 15.
258 1045 315 1106 etsi
337 1051 405 1126 post
429 1045 684 1126 praelocutionem
706 1053 738 1106 ct
761 1044 981 1107 invocationem
999 1051 1106 1126 poetes
1125 1049 1177 1110 in·

77 1151 200 1213 gressu
209 1129 300 1192 huius
311 1133 408 1212 operis
419 1133 522 1193 nescio
537 1129 611 1214 qnid
624 1134 657 1192 in
670 1151 703 1193 se
717 1141 893 1191 extraneum
904 1133 1054 1212 pleneque
1064 1153 1179 1195 norum

75 1217 190 1279 hebere
204 1214 358 1293 videnum,
379 1213 516 1300 mihique
530 1220 589 1299 ipsi
600 1219 720 1298 sceptus
735 1217 937 1296 suspicionem
950 1214 1020 1276 ideo
1040 1219 1179 1280 iniecerit

76 1323 116 1364 ne
137 1301 197 1362 hcc
210 1303 276 1362 loco
291 1303 386 1383 aliqui
399 1321 504 1364 versus
519 1303 681 1364 anteriores
692 1302 828 1362 fonnem
843 1299 1000 1377 deessent,
1028 1303 1114 1362 nulls
1128 1313 1180 1364 te-

76 1407 149 1448 men
162 1389 286 1448 omnino
297 1385 422 1448 huimce
436 1389 481 1448 rei
493 1389 621 1469 vestigio
637 1391 670 1447 in
684 1407 732 1448 ms
747 1387 915 1466 exemplari
932 1398 1086 1468 apparent,
1102 1389 1180 1470 quin

76 1475 141 1534 imo
158 1475 260 1533 omnis
272 1471 388 1532 ibidem
398 1475 551 1554 superiora
567 1493 638 1534 cum
651 1473 904 1555 subsequentibus
922 1473 1109 1534 continenter
1124 1491 1179 1533 co-

76 1557 215 1618 haerent.
256 1576 345 1638 porro
360 1556 411 1617 hic
426 1560 483 1618 sub
497 1561 620 1620 nomine
634 1557 762 1631 dccu'cs‘,
779 1558 841 1618 nisi
853 1559 917 1618 ism
931 1555 971 1616 ed
983 1557 1179 1620 Memorium

76 1647 111 1704 iu
123 1645 262 1724 proximo
281 1661 371 1703 versu
388 1643 581 1706 referendum
594 1646 650 1722 sit,
670 1646 773 1724 ipsum
786 1645 935 1704 lustinum
945 1643 1121 1720 Geeserem,
1142 1651 1180 1702 nt

77 1730 154 1789 clius
166 1729 281 1808 possim
296 1729 329 1787 in
341 1725 401 1788 hoo
415 1736 570 1810 poemate,
600 1741 653 1791 eut
667 1731 800 1811 eliqua
811 1729 947 1789 fortassis
963 1729 1058 1788 ulium
1075 1729 1130 1811 qni
1146 1737 1179 1788 et

76 1815 121 1873 ite
133 1821 306 1892 vocaretur,
333 1813 503 1896 intelligere
517 1817 681 1896 Corippum
694 1815 822 1874 arbitrer
835 1815 915 1874 inter
928 1813 1024 1894 ipsius
1038 1812 1180 1873 cuminis

77 1896 295 1959 exhortatores.
315 1899 411 1960 llum.
452 1898 531 1960 nihil
548 1903 656 1961 certius
670 1918 764 1982 quem
774 1899 837 1980 legi
851 1908 987 1979 oportere
1002 1919 1111 1958 mesonc
1123 1897 1180 1956 dc-

78 1985 204 2042 minos.
230 1981 346 2042 domini
361 1987 580 2046 sunt'lustinus
602 1995 633 2046 et
646 1982 778 2064 sophie,
809 1991 937 2065 quorum
956 1999 1061 2043 umens
1083 2001 1179 2064 quoe-

77 2077 141 2129 stor
153 2065 194 2127 ed
208 2066 331 2130 eosdem
343 2070 388 2130 ire
402 2071 567 2151 compellit.
589 2071 634 2131 sic
646 2071 725 2130 inim
739 2089 770 2130 v.
781 2071 825 2132 22
838 2078 869 2127 et
881 2069 935 2133 82·
954 2069 1081 2128 ΒΑΜ.
1101 2067 1181 2126 llui-

76 2155 143 2213 zios
164 2151 260 2214 edidit
278 2153 437 2230 donsimw3
465 2165 497 2215 et
517 2154 627 2218 dubios
648 2152 755 2215 tuem
776 2171 816 2212 en
836 2153 876 2212 sit
894 2153 1026 2214 lustinus
1047 2170 1087 2211 en
1105 2169 1179 2212 vero

77 2241 264 2299 Anustssius.
307 2241 425 2301 restitui
440 2239 589 2313 dondnos,
618 2241 772 2302 Iustinum
781 2239 958 2318 intelligens
973 2237 1082 2298 eteius
1097 2243 1179 2296 u'xc-

78 2341 144 2382 rem
161 2323 317 2404 Seplasiam.
362 2343 452 2406 porro
465 2328 539 2386 scite
552 2325 699 2406 Gcrippus
713 2324 808 2385 umor-l
818 2325 969 2383 Ansstssii
982 2324 1016 2383 in
1026 2323 1179 2402 principes

77 2407 192 2484 tribuit,
214 2406 297 2490 quod
309 2411 369 2489 ipsi
385 2419 488 2471 suctos
498 2412 591 2472 bresit
602 2421 638 2472 ut
650 2411 759 2472 lustini
772 2405 878 2469 leudes
891 2409 1023 2468 carmine
1040 2407 1180 2468 celebru-

77 2502 140 2570 ret3
161 2503 193 2554 et
212 2497 256 2554 sic
273 2496 306 2552 in
317 2496 431 2574 Puneg.
446 2500 486 2560 81
510 2495 549 2555 de
560 2499 719 2558 Anustusio
740 2495 800 2556 uit:
821 2513 910 2575 quem
926 2493 1037 2555 eterne
1056 2501 1180 2554 mecm

67 2578 176 2654 fidum
186 2580 326 2660 cognovit
340 2582 493 2658 princeps.
537 2583 639 2642 Foco.
1101 2627 1102 2630 η

65 2779 102 2862 s
164 2698 216 2762 16.
231 2716 310 2775 pars
322 2717 437 2778 magno
451 2715 491 2758 ex
506 2697 560 2758 illo
573 2699 707 2759 Maronis
719 2707 782 2758 est:
797 2707 827 2757 et
839 2715 1178 2780 qrsomrrcpcrcmogcc

92 2780 137 2840 ui.¹
180 2783 308 2843 Brenn.
1173 2840 1175 2844 ,

167 2886 218 2949 tt.
260 2883 436 2962 compositor
456 2901 574 2944 morum
591 2903 746 2944 censorem
762 2880 912 2962 designet.
955 2882 1029 2942 iuris
1041 2881 1180 2942 sacerdos

78 2963 162 3028 hund
175 2966 267 3030 dubis
281 2987 323 3028 ex
335 2968 502 3028 recentium
514 2977 580 3028 tum
592 2989 610 3028 e
624 2971 838 3050 compositione
847 2963 1069 3027 Pundectsrum
1080 2968 1180 3046 primo

78 3054 167 3114 titulo
189 3051 367 3114 derivatum.
408 3053 502 3114 verbe
523 3055 663 3114 omnihus
682 3056 715 3113 in
732 3062 874 3134 promptu
889 3049 1058 3113 adscribere
1073 3070 1181 3130 super-

78 3135 202 3198 sedebo.
244 3157 298 3198 cur
314 3156 386 3197 vem
407 3134 513 3200 deesse
534 3137 650 3220 aliquid
664 3150 784 3220 puter-et
800 3138 975 3217 Assrgrius,
997 3138 1051 3218 qui
1064 3152 1182 3195 morem

78 3223 229 3282 inferioris
244 3222 311 3284 sevi
322 3226 482 3302 poiturum
492 3224 625 3303 penitius
640 3233 831 3304 perspectum
844 3243 907 3282 non
920 3217 1067 3298 habebut,
1091 3237 1182 3280 causo

77 3326 141 3368 non
157 3319 231 3368 erut.
275 3309 329 3390 qui
343 3326 414 3366 cum
427 3303 467 3368 nd
478 3306 539 3368 hcc
551 3312 741 3388 prooemium
753 3309 949 3368 Dracontium
967 3318 997 3366 et
1009 3307 1182 3386 Eugenium

78 3411 98 3451 a
117 3412 150 3452 se
169 3391 265 3454 editos
286 3403 451 3470 memoret,
486 3392 561 3453 fecit
577 3395 736 3473 insiguiter
750 3413 806 3454 nos
830 3391 933 3452 dolere
951 3389 1050 3450 fetum
1071 3387 1182 3449 horum

77 3478 231 3556 locorum,
256 3476 295 3538 ed
309 3497 388 3560 quae
404 3479 441 3538 eb
457 3480 606 3559 llispeuis
621 3480 691 3541 libri
708 3480 787 3540 nulli
801 3479 865 3546 fere
879 3473 1013 3538 veniunt
1045 3475 1181 3538 ‚Beuum

77 3572 150 3622 note
170 3565 273 3624 titulos
295 3565 448 3626 inuenit
471 3565 638 3646 quaestoris
657 3565 765 3639 lustiui
777 3567 799 3628 2
813 3565 906 3644 imp„
936 3562 1021 3622 cuius
1040 3557 1182 3619 leudibus

79 3666 201 3728 cormeu
213 3641 397 3726 praecedens
411 3648 544 3710 dicatum
555 3651 625 3710 luit.
658 3651 702 3710 sic
721 3649 859 3710 lasciuire
870 3645 1037 3706 sacerdotes
1049 3643 1182 3724 impero·

79 3743 156 3791 torec
178 3732 295 3792 salutat
314 3733 515 3813 Symmachus
534 3739 573 3800 to
597 3757 647 3816 ep.
661 3733 713 3802 51.
756 3735 800 3794 sic
823 3742 854 3792 et
869 3733 1016 3812 Ulpianus
1034 3731 1182 3790 iuriscon-

79 3817 175 3877 sultus
186 3815 352 3876 eacwdotss
363 3820 496 3878 homme
512 3821 634 3880 vocetl.
652 3822 723 3886 11).
742 3816 781 3878 de
800 3819 871 3878 inst.
885 3830 915 3878 et
930 3819 989 3876 iur.
1031 3819 1075 3876 sic
1087 3817 1188 3898 Quiu-¹

80 3901 203 3962 tilisnus
220 3906 258 3968 11
276 3903 294 3964 1
309 3901 448 3964 Serrium
456 3905 620 3984 sulpitium
632 3907 708 3966 huss
718 3906 883 3986 antistiem
894 3903 1047 3986 eppellut3
1066 3911 1097 3962 et
1108 3901 1182 3962 Gel-

80 3987 140 4050 lius
159 3991 199 4064 ts
215 3985 237 4050 4
251 3985 391 4048 ἰιιᾱίσαιι.
435 3989 530 4048 Rtnr.
1105 4027 1107 4038 t

168 4086 217 4150 18.
259 4085 312 4146 hio
332 4098 378 4148 est
397 4088 449 4147 ille
470 4087 600 4150 Thomas
620 4111 715 4172 egem
737 4093 772 4152 ic
790 4090 879 4154 rebus
899 4088 1045 4162 nlustinc
1064 4088 1181 4150 seniore

81 4169 122 4232 ud
134 4171 351 4251 inquirendum¹
361 4183 463 4234 contro
474 4172 640 4236 haereticos
652 4180 781 4240 missus:
802 4179 899 4258 liquot
912 4195 953 4236 ex
958 4177 1058 4249 Qrtint.
1066 4171 1182 4254 Synod.

81 4267 139 4318 sct.
153 4259 197 4320 7.·
229 4256 340 4318 deinde
352 4270 526 4339 exquaestor
536 4262 619 4320 sacri
626 4263 742 4340 polotri
755 4263 811 4322 sub
825 4264 1009 4337 Ioustiniane,
1029 4279 1107 4320 unus
1123 4258 1182 4316 fuit

81 4365 99 4402 e
116 4341 294 4404 decemviris
312 4341 408 4404 codici
429 4342 638 4424 compilando,
668 4367 709 4406 ex
722 4349 942 4408 Constitutione
961 4344 1000 4404 de
1020 4363 1092 4404 nov.
1114 4339 1183 4402 cod.

81 4429 158 4504 sec,
180 4439 211 4488 et
224 4430 351 4490 lounese
362 4427 448 4488 idem
461 4441 507 4490 est
520 4433 605 4492 cuius
618 4435 756 4504 meminit
770 4431 979 4496 christodorus
990 4435 1080 4509 potito
1095 4424 1182 4485 The-

81 4514 177 4574 beous
192 4515 297 4595 (lopite
310 4517 363 4584 lib.
377 4516 398 4582 6
414 4513 579 4596 Antholog.
593 4537 666 4578 uam
679 4517 843 4598 epigraphe
858 4519 927 4578 tulis
941 4527 986 4576 est
997 4515 1093 4593 epigr.
1106 4512 1182 4576 128:

82 4598 128 4672 ele
140 4592 340 4666 ’Ascordctoc
354 4603 450 4680 Θωμᾶ
465 4603 627 4686 πατρικίου
641 4603 693 4666 καὶ
708 4603 873 4686 λογοθέτου
888 4605 943 4666 scel
957 4593 1083 4680 δρόμου.
1126 4594 1185 4652 full

83 4702 165 4763 ergo,
188 4695 368 4767 retemperet,
391 4685 442 4748 hic
455 4689 632 4750 muudus
646 4689 710 4772 (cui
723 4699 821 4750 erecte
833 4691 867 4748 iu
882 4690 959 4748 circo
973 4683 1059 4762 cpoli
1072 4677 1184 4760 statuo)
