2768 5174
108 725 111 728 Π
177 623 253 698 aas
505 615 720 692 sonsum
744 620 950 692 sunum

178 792 322 873 quapiam
334 788 581 868 interpretatione
594 789 686 848 etiam
698 785 780 869 qnod
795 788 952 868 vulgatum
966 795 1012 846 est
1025 785 1165 861 tolerari,
1194 787 1222 846 si
1241 787 1284 845 li·

180 877 251 936 bero
318 895 378 936 non
392 873 534 952 indigene
551 884 728 954 exponatur,
750 893 827 953 quae
841 876 913 933 satis
927 893 983 953 per
997 891 1036 934 aa
1047 869 1206 952 splendide
1218 881 1284 932 non

178 962 314 1041 indigeat
328 961 396 1020 luce
411 961 542 1018 caelesti.
585 961 629 1020 sio
641 959 784 1019 Tibullus
797 957 836 1017 de
850 962 1007 1039 Aegypto:
1037 957 1128 1016 crida
1141 978 1196 1016 nec
1205 958 1285 1036 plu-

181 1049 229 1110 vio
243 1044 396 1124 supplicat
407 1043 501 1102 herba
514 1045 599 1118 lovi5
630 1063 723 1125 quam
735 1043 879 1122 eandem,
907 1045 974 1123 pari
988 1063 1096 1118 sensa,
1121 1063 1186 1103 non
1199 1041 1286 1102 indi-

181 1153 251 1214 gam
272 1141 303 1190 et
324 1148 461 1189 securum
483 1131 558 1188 caeli
581 1128 764 1189 Claudianus
784 1129 869 1189 idem
892 1127 1028 1206 dictitat3
1060 1138 1092 1187 et
1105 1127 1187 1188 silut
1201 1127 1284 1188 caclo

182 1217 286 1278 debere
298 1217 415 1274 Plinius
430 1217 544 1294 Paneg.
561 1217 615 1277 98.
657 1218 785 1275 Binan.

263 1304 316 1366 99.
337 1297 565 1379 sistemus]
578 1301 753 1380 crystallmn
759 1299 951 1378 intelligit,ut
961 1297 1155 1358 metallorum
1161 1299 1286 1356 nomine

183 1405 289 1450 omnes
308 1404 447 1465 gemmae
467 1387 583 1444 censeri
598 1387 715 1464 possint
732 1395 784 1444 aut
795 1385 920 1464 pretiosi
933 1385 1027 1464 aliqui
1043 1382 1171 1462 lapides.
1213 1381 1285 1441 vide

206 1492 261 1532 uae
281 1481 365 1532 notat
384 1468 425 1529 ad
436 1473 684 1550 Agsimensorum
704 1471 912 1528 collectionem
928 1465 1122 1528 doctissimus
1136 1470 1183 1526 vir
1193 1470 1288 1526 Nico-

183 1493 250 1618 daus
265 1557 423 1635 Rigaltius.
467 1575 593 1630 saxum,
614 1573 783 1634 gemmam,
805 1553 958 1636 lapidem,
981 1553 1098 1614 silicem
1112 1553 1290 1635 crystallum

184 1653 272 1704 vocat
287 1638 481 1700 Claudianus.
523 1641 649 1699 Binan.

272 1729 345 1792 100.
387 1745 457 1784 oum
475 1721 514 1784 de
529 1725 617 1784 rebus
635 1723 815 1786 caelestibus
830 1721 870 1782 ad
884 1721 1019 1782 hnmana
1038 1721 1218 1801 comparatis
1238 1721 1289 1780 lo·-

120 1841 123 1852 =·
187 1821 321 1894 quentin·
339 1812 514 1890 scriptores,
543 1813 657 1886 solent,
690 1811 754 1868 irae
781 1811 943 1870 numinum
968 1810 1082 1867 scilicet
1107 1805 1287 1866 avenendae

85 1913 87 1918 ’
188 1915 287 1971 causa,
309 1893 601 1977 adiicerese'sasest
618 1905 669 1954 aut
687 1895 749 1954 tela
771 1893 855 1974 quid.
899 1893 1024 1954 Ovidius
1037 1895 1162 1952 Metam.
1178 1897 1215 1958 l:
1236 1891 1295 1950 Iu'c

186 1983 272 2040 lomes
294 1991 349 2053 est,
379 2001 480 2061 passm,
508 1983 537 2040 ei
554 1980 656 2042 verbu·
669 1979 802 2038 audacia
823 1980 925 2050 deuo,
954 2000 1016 2038 non
1038 1981 1160 2036 &cuam
1182 1977 1292 2055 ''W‘'

73 2071 74 2078 ’
189 2065 429 2144 manipulum
439 2065 526 2124 caeli.
570 2067 702 2126 Naevius
714 2062 876 2143 Epitaphio
891 2083 947 2123 sno
960 2061 1042 2144 apud
1053 2063 1185 2121 Gellium
1202 2067 1216 2126 1
1235 2059 1289 2124 24:

146 2163 151 2174 '
190 2151 372 2210 imnsortulce
395 2151 535 2212 mortales
559 2153 587 2208 εἰ
603 2150 688 2228 soret
704 2149 764 2228 sce
781 2149 862 2226 flere
876 2149 993 2226 flami
1012 2149 1101 2206 divus
1125 2147 1292 2206 &mm

191 2237 348 2300 Naevium
363 2237 498 2313 po'e'tcm.
553 2236 696 2313 Virgilius
718 2234 797 2292 ciri:
826 2254 940 2312 magno
957 2236 1103 2304 imaum,
1130 2224 1160 2290 ei
1170 2231 1231 2312 sas
1247 2239 1293 2288 est

190 2320 301 2390 dicere,
319 2320 410 2398 peplo
424 2320 526 2399 qualis
538 2319 709 2378 Erichtheie
720 2318 794 2376 olim
805 2329 946 2395 portense
955 2317 1099 2378 Athenis.
1122 2319 1250 2376 Banna.

246 2427 251 2434 ·
277 2406 350 2468 101.
392 2422 469 2484 quae
491 2403 690 2462 domesticum
707 2405 851 2462 nimirum
871 2421 962 2462 suum
976 2400 1172 2484 splendorem
1188 2419 1294 2462 secum

191 2485 378 2552 habitantem
389 2506 509 2568 semper
520 2485 622 2546 hebet.
665 2491 792 2546 aseae.
945 2493 947 2498 “

279 2575 351 2642 102.
393 2573 552 2652 meda]
573 2575 606 2630 in
619 2593 667 2632 ms
681 2583 744 2630 erat
757 2573 846 2630 mbo.
891 2572 986 2630 llum.

277 2653 319 2715 ib.
343 2667 373 2715 es
393 2677 476 2739 seqq.
519 2659 654 2718 unium
683 2659 717 2716 in
743 2653 793 2718 bis
823 2665 869 2717 esa
891 2656 1053 2736 vigilius
1071 2656 1150 2716 Aea.
1174 2657 1193 2720 1
1219 2655 1294 2722 168.

191 2742 314 2802 Vocon.
481 2773 487 2786 ·
584 2797 589 2804 ,
749 2791 752 2798 .
957 2753 961 2760 ’

280 2824 352 2891 104.
394 2825 513 2886 videtur
536 2825 665 2886 describi
685 2829 793 2886 Portus
813 2826 876 2884 iam
897 2821 1077 2885 Hormisdae
1098 2835 1151 2884 aut
1172 2826 1295 2901 loliani,

196 2908 307 2970 deinde
318 2929 391 2970 vero
403 2910 592 2990 Sophianue,
614 2931 649 2970 ao
662 2910 803 2991 deinceps
814 2907 882 2970 aliis
896 2911 988 2968 etiam
998 2903 1172 2970 dominibus
1183 2912 1296 2990 appel-

196 2995 295 3071 latna,
325 2999 378 3076 qui
396 2999 429 3055 in
442 2999 537 3054 veteri
549 3017 645 3055 novae
660 2999 774 3054 Romae
789 2994 988 3073 descriptione
1006 2997 1038 3052 in
1053 2997 1174 3072 regione
1192 3001 1211 3058 3
1230 2997 1297 3056 sta-'-

195 3082 301 3140 tuitun
344 3081 387 3139 ibi
402 3082 548 3160 palatium
568 3083 662 3140 fuisse
680 3079 811 3160 Sophiae
833 3079 969 3138 nondum
981 3082 1135 3158 Augustas
1157 3077 1297 3139 adfirmat

197 3163 348 3238 eodinus,
371 3175 402 3224 et
414 3163 616 3244 Theophanes
629 3178 730 3224 namet
740 3163 893 3246 Sopbiana
906 3163 945 3224 ad
958 3184 1029 3222 eum
1042 3165 1152 3244 palatie
1168 3165 1262 3224 inisse
1277 3185 1297 3223 a

197 3251 312 3310 Iustino
329 3253 409 3329 Aug.
427 3260 579 3327 extructa,
602 3254 689 3332 quia,
712 3271 782 3309 cnm
796 3260 875 3310 esset
891 3250 1077 3330 curopalate,
1109 3251 1209 3308 iustus
1231 3251 1298 3308 eius

197 3333 277 3396 filius
300 3355 342 3394 ex
363 3333 478 3414 Sophia
497 3337 530 3394 iu
550 3334 625 3394 aede
648 3337 681 3396 S.
696 3333 838 3396 mensali
854 3355 938 3395 sacra
956 3332 1071 3394 ibidem
1087 3336 1145 3393 sita
1160 3336 1297 3412 sepultus

196 3419 304 3479 suern.
347 3421 470 3500 corippi
486 3439 591 3481 versus
614 3424 796 3480 conveniunt
813 3440 883 3480 cum
902 3423 1117 3500 epigrammate
1133 3420 1166 3478 in
1182 3420 1298 3497 palatia

196 3503 368 3584 Sophiam,
401 3502 483 3586 quod
495 3507 622 3566 blasiani
635 3505 813 3566 scholastici
825 3507 947 3564 nomine
960 3506 1139 3583 insciiptum
1152 3513 1251 3563 exstat
1261 3504 1299 3562 in

197 3588 397 3667 Anthologia‚
427 3588 509 3670 apud
520 3594 670 3650 &narem
682 3611 753 3650 vero
765 3593 890 3650 nomine
902 3587 1062 3669 Agathiae.
1082 3590 1183 3648 Foco.
1223 3589 1300 3648 bra-

199 3671 267 3732 chia
282 3686 351 3733 sunt
366 3685 539 3734 curvaturae
561 3686 591 3734 et
605 3677 750 3735 flexiones
766 3685 918 3753 portuum.
960 3677 1096 3734 Avienus
1110 3693 1166 3733 ora
1178 3676 1298 3734 mariti·

198 3776 266 3817 mn:
288 3761 465 3844 εὺηῳηιᾳιιε
477 3759 551 3832 tote,
572 3773 608 3819 ut
621 3771 687 3820 tusa
697 3771 817 3839 percu,
844 3759 979 3818 brachiu.
1024 3762 1151 3820 Bana.

285 3846 357 3908 106.
399 3844 458 3904 hoc
477 3854 523 3904 est
540 3847 671 3904 εἰαίἑοιιί.
716 3847 880 3904 venantius
893 3847 1083 3920 Fortunatam,
1104 3842 1176 3903 huic
1190 3850 1299 3923 poetae

199 3929 335 4010 aequalis
348 3939 494 4009 tempore,
516 3929 571 3990 sed
587 3932 656 3990 etilo
670 3932 761 4009 longe
776 3932 884 4008 minor,
906 3935 946 3995 2:
969 3949 1100 4001 carcere,
1121 3931 1224 4000 omde,
1236 3929 1302 4008 sc-

200 4033 260 4084 nse,
288 4015 411 4086 vinclis,
439 4017 507 4087 site,
530 4015 665 4096 frigore,
691 4017 842 4093 flammis.
887 4021 927 4081 δε
955 4017 1148 4094 restinguunt
1172 4015 1302 4074 avidam

201 4098 290 4156 dzslec
304 4099 416 4180 liquore
429 4102 522 4162 subn.
546 4105 585 4164 2:
608 4103 767 4180 wnbvtsinis
779 4102 836 4162 boc
853 4100 965 4160 Chn‘sti
976 4099 1065 4159 deslce
1077 4101 1192 4180 lt'qam
1204 4099 1297 4162 hm.

201 4181 283 4242 idem
301 4187 339 4248 8:
361 4187 462 4244 Moses
475 4197 546 4244 ants
557 4185 635 4244 olibe
648 4187 723 4258 dus,
744 4207 828 4248 mare
842 4197 924 4259 teste,
944 4188 1034 4244 veios.
1066 4186 1162 4245 'idem
1172 4183 1300 4245 eodem:

203 4271 401 4349 quceglods'is
413 4272 565 4350 ecumque,
577 4271 681 4349 sesne,
702 4275 769 4343 site,
782 4273 920 4351 frigore,
932 4271 1083 4349 flammd.
1110 4274 1236 4332 Banna.

287 4357 360 4420 108.
401 4355 524 4432 refluas.
569 4359 676 4435 vagit.
696 4359 805 4436 seorg.
825 4362 845 4420 4
863 4361 944 4422 262:
973 4354 1169 4434 ‚refluentibuc
1196 4355 1298 4416 enus.

203 4449 234 4496 at
257 4437 347 4498 dictio
369 4442 492 4518 elegans
509 4441 634 4518 reflante:
664 4453 788 4522 usurpat
803 4441 985 4502 Claudianus
1006 4444 1040 4498 in
1059 4441 1172 4502 lluffin.
1191 4445 1230 4505 1:
1253 4463 1303 4500 re-

194 4525 276 4599 fluis
289 4526 431 4583 incertius
445 4525 544 4585 nudie.
589 4528 632 4585 sic
647 4531 729 4586 enim
741 4528 851 4608 legitur
869 4531 902 4586 in
918 4526 1098 4586 editionibus
1109 4529 1304 4587 Plautiniana

158 4684 162 4690 .
204 4618 235 4666 et
252 4607 427 4690 Gryphiana
439 4630 481 4671 ex
493 4613 678 4674 membranis
688 4613 865 4691 Pulmanni,
894 4614 966 4672 licet
981 4609 1079 4672 codex
1092 4633 1178 4674 meus
1192 4633 1305 4674 uara-
