<?xml version="1.0" encoding="UTF-8"?>
<!DOCTYPE html PUBLIC "-//W3C//DTD XHTML 1.0 Transitional//EN"
    "http://www.w3.org/TR/xhtml1/DTD/xhtml1-transitional.dtd">
<html xmlns="http://www.w3.org/1999/xhtml" xml:lang="en" lang="en">
 <head>
  <title>
</title>
<meta http-equiv="Content-Type" content="text/html;charset=utf-8" />
  <meta name='ocr-system' content='tesseract 3.04.00' />
  <meta name='ocr-capabilities' content='ocr_page ocr_carea ocr_par ocr_line ocrx_word'/>
</head>
<body>
  <div class='ocr_page' id='page_1' title='image "./merobaudesetcor00bekkgoog/merobaudesetcor00bekkgoog_0479.png"; bbox 0 0 2806 5160; ppageno 0'>
   <div class='ocr_carea' id='block_1_1' title="bbox 180 679 969 761">
    <p class='ocr_par' dir='ltr' id='par_1_1' title="bbox 180 679 969 761">
     <span class='ocr_line' id='line_1_1' title="bbox 180 679 969 761; baseline -0.011 -1"><span class='ocrx_word' id='word_1_1' title='bbox 180 685 255 761; x_wconf 73' lang='lat'>404</span> <span class='ocrx_word' id='word_1_2' title='bbox 492 685 636 756; x_wconf 77' lang='lat' dir='ltr'><strong>NOTAE</strong></span> <span class='ocrx_word' id='word_1_3' title='bbox 660 683 706 752; x_wconf 80' lang='lat' dir='ltr'>ut</span> <span class='ocrx_word' id='word_1_4' title='bbox 731 679 896 753; x_wconf 80' lang='lat' dir='ltr'>LIBRUM</span> <span class='ocrx_word' id='word_1_5' title='bbox 920 683 969 753; x_wconf 82' lang='lat' dir='ltr'>nt</span> 
     </span>
    </p>
   </div>
   <div class='ocr_carea' id='block_1_2' title="bbox 181 849 1292 1019">
    <p class='ocr_par' dir='ltr' id='par_1_2' title="bbox 181 849 1292 1019">
     <span class='ocr_line' id='line_1_2' title="bbox 181 849 1292 934; baseline -0.008 -16"><span class='ocrx_word' id='word_1_6' title='bbox 181 875 283 918; x_wconf 85' lang='lat' dir='ltr'>nemo.</span> <span class='ocrx_word' id='word_1_7' title='bbox 302 855 425 914; x_wconf 79' lang='lat' dir='ltr'>Voucx.</span> <span class='ocrx_word' id='word_1_8' title='bbox 469 851 676 912; x_wconf 74' lang='lat' dir='ltr'>Gmecismm</span> <span class='ocrx_word' id='word_1_9' title='bbox 693 854 826 926; x_wconf 85' lang='lat' dir='ltr'>restitui,</span> <span class='ocrx_word' id='word_1_10' title='bbox 850 869 910 934; x_wconf 88' lang='lat' dir='ltr'>quo</span> <span class='ocrx_word' id='word_1_11' title='bbox 928 849 1076 930; x_wconf 74' lang='lat' dir='ltr'><strong>corippus</strong></span> <span class='ocrx_word' id='word_1_12' title='bbox 1090 852 1185 910; x_wconf 84' lang='lat' dir='ltr'>utitur</span> <span class='ocrx_word' id='word_1_13' title='bbox 1198 851 1292 910; x_wconf 86' lang='lat' dir='ltr'>etiem</span> 
     </span>
     <span class='ocr_line' id='line_1_3' title="bbox 184 933 1291 1019; baseline -0.011 -12"><span class='ocrx_word' id='word_1_14' title='bbox 184 947 199 1007; x_wconf 88' lang='lat'>1</span> <span class='ocrx_word' id='word_1_15' title='bbox 225 945 267 1006; x_wconf 84' lang='lat'>80</span> <span class='ocrx_word' id='word_1_16' title='bbox 287 949 318 998; x_wconf 77' lang='lat' dir='ltr'>ct</span> <span class='ocrx_word' id='word_1_17' title='bbox 339 937 413 1002; x_wconf 71' lang='lat'>224·</span> <span class='ocrx_word' id='word_1_18' title='bbox 455 938 558 1019; x_wconf 85' lang='lat' dir='ltr'>itaque</span> <span class='ocrx_word' id='word_1_19' title='bbox 573 939 657 997; x_wconf 90' lang='lat' dir='ltr'>nulla</span> <span class='ocrx_word' id='word_1_20' title='bbox 673 941 706 996; x_wconf 92' lang='lat' dir='ltr'>in</span> <span class='ocrx_word' id='word_1_21' title='bbox 721 957 757 998; x_wconf 91' lang='lat' dir='ltr'>eo</span> <span class='ocrx_word' id='word_1_22' title='bbox 772 937 944 1014; x_wconf 86' lang='lat' dir='ltr'>barbaries,</span> <span class='ocrx_word' id='word_1_23' title='bbox 967 933 1022 996; x_wconf 88' lang='lat' dir='ltr'>sed</span> <span class='ocrx_word' id='word_1_24' title='bbox 1039 937 1200 999; x_wconf 80' lang='lat' dir='ltr'>manifesta</span> <span class='ocrx_word' id='word_1_25' title='bbox 1218 939 1291 996; x_wconf 90' lang='lat' dir='ltr'>imi-</span> 
     </span>
    </p>
   </div>
   <div class='ocr_carea' id='block_1_3' title="bbox 60 1020 663 1087">
    <p class='ocr_par' dir='ltr' id='par_1_3' title="bbox 60 1020 663 1087">
     <span class='ocr_line' id='line_1_4' title="bbox 60 1020 663 1087; baseline -0.007 -1"><span class='ocrx_word' id='word_1_26' title='bbox 60 1020 62 1024; x_wconf 72' lang='grc'><strong>’</strong></span> <span class='ocrx_word' id='word_1_27' title='bbox 182 1027 257 1086; x_wconf 90' lang='lat' dir='ltr'>tatio</span> <span class='ocrx_word' id='word_1_28' title='bbox 272 1025 388 1084; x_wconf 79' lang='lat' dir='ltr'>Lucani</span> <span class='ocrx_word' id='word_1_29' title='bbox 405 1024 445 1086; x_wconf 91' lang='grc'>10</span> <span class='ocrx_word' id='word_1_30' title='bbox 467 1025 519 1087; x_wconf 82' lang='lat'>56.</span> <span class='ocrx_word' id='word_1_31' title='bbox 562 1025 663 1084; x_wconf 80' lang='lat' dir='ltr'>Foco.</span> 
     </span>
    </p>
   </div>
   <div class='ocr_carea' id='block_1_4' title="bbox 146 1103 1304 3324">
    <p class='ocr_par' dir='ltr' id='par_1_4' title="bbox 146 1103 1298 3046">
     <span class='ocr_line' id='line_1_5' title="bbox 230 1103 1293 1190; baseline -0.001 -24"><span class='ocrx_word' id='word_1_32' title='bbox 230 1159 231 1166; x_wconf 72' lang='grc'>,</span> <span class='ocrx_word' id='word_1_33' title='bbox 272 1113 322 1174; x_wconf 83' lang='grc'>19.</span> <span class='ocrx_word' id='word_1_34' title='bbox 366 1105 541 1190; x_wconf 60' lang='lat' dir='ltr'>canebant]</span> <span class='ocrx_word' id='word_1_35' title='bbox 567 1109 648 1190; x_wconf 88' lang='lat' dir='ltr'>apud</span> <span class='ocrx_word' id='word_1_36' title='bbox 662 1109 832 1188; x_wconf 75' lang='lat' dir='ltr'>Pogginum</span> <span class='ocrx_word' id='word_1_37' title='bbox 849 1105 1016 1167; x_wconf 72' lang='lat' dir='ltr'>ees-tabant.</span> <span class='ocrx_word' id='word_1_38' title='bbox 1051 1103 1208 1186; x_wconf 76' lang='lat' dir='ltr'>fielguro]</span> <span class='ocrx_word' id='word_1_39' title='bbox 1235 1103 1293 1165; x_wconf 87' lang='lat' dir='ltr'>de·</span> 
     </span>
     <span class='ocr_line' id='line_1_6' title="bbox 184 1191 1291 1275; baseline -0.006 -18"><span class='ocrx_word' id='word_1_40' title='bbox 184 1199 300 1275; x_wconf 83' lang='lat' dir='ltr'>signat,</span> <span class='ocrx_word' id='word_1_41' title='bbox 323 1203 468 1273; x_wconf 89' lang='lat' dir='ltr'>utputo,</span> <span class='ocrx_word' id='word_1_42' title='bbox 491 1199 655 1254; x_wconf 75' lang='lat' dir='ltr'>cuuuuion</span> <span class='ocrx_word' id='word_1_43' title='bbox 676 1213 899 1275; x_wconf 82' lang='lat' dir='ltr'>gemmamque.</span> <span class='ocrx_word' id='word_1_44' title='bbox 943 1193 1058 1272; x_wconf 88' lang='lat' dir='ltr'>species</span> <span class='ocrx_word' id='word_1_45' title='bbox 1084 1199 1130 1250; x_wconf 89' lang='lat' dir='ltr'>est</span> <span class='ocrx_word' id='word_1_46' title='bbox 1151 1191 1291 1271; x_wconf 71' lang='lat' dir='ltr'>iaspidis:</span> 
     </span>
     <span class='ocr_line' id='line_1_7' title="bbox 182 1275 1292 1362; baseline -0.005 -20"><span class='ocrx_word' id='word_1_47' title='bbox 182 1283 263 1342; x_wconf 83' lang='lat' dir='ltr'>Plin·</span> <span class='ocrx_word' id='word_1_48' title='bbox 288 1283 328 1345; x_wconf 80' lang='grc'>57</span> <span class='ocrx_word' id='word_1_49' title='bbox 351 1281 389 1342; x_wconf 85' lang='lat'>9:</span> <span class='ocrx_word' id='word_1_50' title='bbox 411 1279 584 1360; x_wconf 82' lang='lat' dir='ltr'><em>fulgorem,</em></span> <span class='ocrx_word' id='word_1_51' title='bbox 605 1283 720 1362; x_wconf 87' lang='lat' dir='ltr'>inquit,</span> <span class='ocrx_word' id='word_1_52' title='bbox 743 1281 875 1338; x_wconf 64' lang='lat' dir='ltr'>suerum</span> <span class='ocrx_word' id='word_1_53' title='bbox 892 1281 1026 1358; x_wconf 81' lang='lat' dir='ltr'>rapiens,</span> <span class='ocrx_word' id='word_1_54' title='bbox 1047 1277 1125 1334; x_wconf 91' lang='lat' dir='ltr'>bene</span> <span class='ocrx_word' id='word_1_55' title='bbox 1147 1275 1188 1336; x_wconf 87' lang='lat' dir='ltr'>ad</span> <span class='ocrx_word' id='word_1_56' title='bbox 1210 1275 1292 1336; x_wconf 89' lang='lat' dir='ltr'>bunc</span> 
     </span>
     <span class='ocr_line' id='line_1_8' title="bbox 184 1361 1292 1447; baseline -0.005 -21"><span class='ocrx_word' id='word_1_57' title='bbox 184 1368 297 1426; x_wconf 88' lang='lat' dir='ltr'>locum.</span> <span class='ocrx_word' id='word_1_58' title='bbox 340 1365 384 1423; x_wconf 86' lang='lat' dir='ltr'>sic</span> <span class='ocrx_word' id='word_1_59' title='bbox 403 1363 498 1438; x_wconf 51' lang='lat' dir='ltr'>dictim</span> <span class='ocrx_word' id='word_1_60' title='bbox 527 1365 609 1447; x_wconf 89' lang='lat' dir='ltr'>quod</span> <span class='ocrx_word' id='word_1_61' title='bbox 628 1385 697 1424; x_wconf 91' lang='lat' dir='ltr'>cum</span> <span class='ocrx_word' id='word_1_62' title='bbox 714 1365 896 1424; x_wconf 53' lang='lat' dir='ltr'>fulminibus*</span> <span class='ocrx_word' id='word_1_63' title='bbox 914 1361 1017 1437; x_wconf 86' lang='lat' dir='ltr'>eadat,</span> <span class='ocrx_word' id='word_1_64' title='bbox 1044 1371 1077 1420; x_wconf 92' lang='lat' dir='ltr'>ut</span> <span class='ocrx_word' id='word_1_65' title='bbox 1098 1371 1130 1420; x_wconf 89' lang='lat' dir='ltr'>et</span> <span class='ocrx_word' id='word_1_66' title='bbox 1147 1364 1292 1421; x_wconf 88' lang='lat' dir='ltr'>Brontia:</span> 
     </span>
     <span class='ocr_line' id='line_1_9' title="bbox 184 1443 1292 1532; baseline -0.001 -20"><span class='ocrx_word' id='word_1_67' title='bbox 184 1453 289 1532; x_wconf 82' lang='lat' dir='ltr'>fulgur</span> <span class='ocrx_word' id='word_1_68' title='bbox 309 1453 392 1509; x_wconf 90' lang='lat' dir='ltr'>euim</span> <span class='ocrx_word' id='word_1_69' title='bbox 416 1461 461 1508; x_wconf 87' lang='lat' dir='ltr'>est</span> <span class='ocrx_word' id='word_1_70' title='bbox 482 1451 616 1527; x_wconf 78' lang='lat' dir='ltr'>tulmen,</span> <span class='ocrx_word' id='word_1_71' title='bbox 645 1449 755 1510; x_wconf 88' lang='lat' dir='ltr'>Suidas</span> <span class='ocrx_word' id='word_1_72' title='bbox 774 1453 806 1510; x_wconf 90' lang='lat' dir='ltr'>iu</span> <span class='ocrx_word' id='word_1_73' title='bbox 828 1443 985 1530; x_wconf 70' lang='grc' dir='ltr'><strong><em>κεραυνός.</em></strong></span> <span class='ocrx_word' id='word_1_74' title='bbox 1030 1445 1165 1506; x_wconf 82' lang='lat' dir='ltr'>isidorus</span> <span class='ocrx_word' id='word_1_75' title='bbox 1189 1447 1227 1512; x_wconf 88' lang='grc'>16</span> <span class='ocrx_word' id='word_1_76' title='bbox 1252 1450 1292 1514; x_wconf 76' lang='grc'>15</span> 
     </span>
     <span class='ocr_line' id='line_1_10' title="bbox 185 1533 1292 1618; baseline -0.005 -22"><span class='ocrx_word' id='word_1_77' title='bbox 185 1536 246 1596; x_wconf 91' lang='lat' dir='ltr'>dno</span> <span class='ocrx_word' id='word_1_78' title='bbox 274 1537 360 1618; x_wconf 89' lang='lat' dir='ltr'>ponit</span> <span class='ocrx_word' id='word_1_79' title='bbox 388 1539 596 1596; x_wconf 77' lang='lat' dir='ltr'>cerauniorum</span> <span class='ocrx_word' id='word_1_80' title='bbox 622 1551 751 1616; x_wconf 84' lang='lat' dir='ltr'>genera,</span> <span class='ocrx_word' id='word_1_81' title='bbox 781 1553 987 1616; x_wconf 79' lang='lat' dir='ltr'>utrumquem</span> <span class='ocrx_word' id='word_1_82' title='bbox 1009 1533 1167 1591; x_wconf 75' lang='lat' dir='ltr'>carmania</span> <span class='ocrx_word' id='word_1_83' title='bbox 1188 1535 1292 1608; x_wconf 85' lang='lat' dir='ltr'>mittit,</span> 
     </span>
     <span class='ocr_line' id='line_1_11' title="bbox 187 1618 1294 1704; baseline -0.005 -22"><span class='ocrx_word' id='word_1_84' title='bbox 187 1622 353 1704; x_wconf 83' lang='lat' dir='ltr'>crystallini</span> <span class='ocrx_word' id='word_1_85' title='bbox 374 1621 522 1679; x_wconf 75' lang='lat' dir='ltr'><strong>similem:</strong></span> <span class='ocrx_word' id='word_1_86' title='bbox 545 1625 571 1681; x_wconf 89' lang='lat' dir='ltr'>si</span> <span class='ocrx_word' id='word_1_87' title='bbox 592 1623 647 1681; x_wconf 91' lang='lat' dir='ltr'>sub</span> <span class='ocrx_word' id='word_1_88' title='bbox 662 1619 713 1681; x_wconf 87' lang='lat' dir='ltr'>dic</span> <span class='ocrx_word' id='word_1_89' title='bbox 726 1633 870 1700; x_wconf 90' lang='lat' dir='ltr'>ponatur,</span> <span class='ocrx_word' id='word_1_90' title='bbox 892 1621 1044 1700; x_wconf 74' lang='lat' dir='ltr'><strong>fulgorem</strong></span> <span class='ocrx_word' id='word_1_91' title='bbox 1066 1618 1236 1699; x_wconf 84' lang='lat' dir='ltr'>(Plinium,</span> <span class='ocrx_word' id='word_1_92' title='bbox 1258 1627 1294 1676; x_wconf 91' lang='lat' dir='ltr'>ut</span> 
     </span>
     <span class='ocr_line' id='line_1_12' title="bbox 187 1703 1294 1787; baseline -0.005 -20"><span class='ocrx_word' id='word_1_93' title='bbox 187 1709 278 1783; x_wconf 89' lang='lat' dir='ltr'>solet,</span> <span class='ocrx_word' id='word_1_94' title='bbox 299 1705 491 1786; x_wconf 77' lang='lat' dir='ltr'>transcribit)</span> <span class='ocrx_word' id='word_1_95' title='bbox 515 1709 592 1787; x_wconf 88' lang='lat' dir='ltr'>rapit</span> <span class='ocrx_word' id='word_1_96' title='bbox 617 1703 779 1766; x_wconf 83' lang='lat' dir='ltr'>sidereum.</span> <span class='ocrx_word' id='word_1_97' title='bbox 824 1707 953 1764; x_wconf 84' lang='lat' dir='ltr'>alterum</span> <span class='ocrx_word' id='word_1_98' title='bbox 967 1705 1128 1783; x_wconf 76' lang='lat' dir='ltr'>Hispania:</span> <span class='ocrx_word' id='word_1_99' title='bbox 1153 1705 1186 1761; x_wconf 90' lang='lat' dir='ltr'>in</span> <span class='ocrx_word' id='word_1_100' title='bbox 1201 1705 1294 1763; x_wconf 87' lang='lat' dir='ltr'>Lusi-</span> 
     </span>
     <span class='ocr_line' id='line_1_13' title="bbox 186 1786 1292 1872; baseline -0.003 -22"><span class='ocrx_word' id='word_1_101' title='bbox 186 1794 265 1851; x_wconf 88' lang='lat' dir='ltr'>tanis</span> <span class='ocrx_word' id='word_1_102' title='bbox 292 1793 442 1851; x_wconf 73' lang='lat' dir='ltr'>littoribus</span> <span class='ocrx_word' id='word_1_103' title='bbox 471 1795 565 1872; x_wconf 83' lang='lat' dir='ltr'>gigni.</span> <span class='ocrx_word' id='word_1_104' title='bbox 609 1791 680 1852; x_wconf 86' lang='lat' dir='ltr'>inde</span> <span class='ocrx_word' id='word_1_105' title='bbox 707 1793 765 1852; x_wconf 87' lang='lat' dir='ltr'>lux</span> <span class='ocrx_word' id='word_1_106' title='bbox 792 1789 958 1850; x_wconf 80' lang='lat' dir='ltr'>Claudiano</span> <span class='ocrx_word' id='word_1_107' title='bbox 982 1787 1020 1848; x_wconf 92' lang='lat' dir='ltr'>de</span> <span class='ocrx_word' id='word_1_108' title='bbox 1043 1786 1125 1848; x_wconf 89' lang='lat' dir='ltr'>laud.</span> <span class='ocrx_word' id='word_1_109' title='bbox 1150 1789 1292 1864; x_wconf 89' lang='lat' dir='ltr'>Serenae,</span> 
     </span>
     <span class='ocr_line' id='line_1_14' title="bbox 188 1875 1295 1960; baseline -0.005 -23"><span class='ocrx_word' id='word_1_110' title='bbox 188 1897 281 1960; x_wconf 90' lang='lat' dir='ltr'>quem</span> <span class='ocrx_word' id='word_1_111' title='bbox 302 1877 414 1940; x_wconf 87' lang='lat' dir='ltr'>librum</span> <span class='ocrx_word' id='word_1_112' title='bbox 435 1897 483 1936; x_wconf 91' lang='lat' dir='ltr'>ms</span> <span class='ocrx_word' id='word_1_113' title='bbox 502 1898 589 1938; x_wconf 88' lang='lat' dir='ltr'>meus</span> <span class='ocrx_word' id='word_1_114' title='bbox 609 1876 733 1938; x_wconf 79' lang='lat' dir='ltr'>Girstdo</span> <span class='ocrx_word' id='word_1_115' title='bbox 751 1875 872 1936; x_wconf 86' lang='lat' dir='ltr'>cuidam</span> <span class='ocrx_word' id='word_1_116' title='bbox 893 1875 1044 1934; x_wconf 84' lang='lat' dir='ltr'>attribuit:</span> <span class='ocrx_word' id='word_1_117' title='bbox 1072 1875 1295 1956; x_wconf 73' lang='lat' dir='ltr'>Pyrenaeisque</span> 
     </span>
     <span class='ocr_line' id='line_1_15' title="bbox 188 1959 1293 2044; baseline -0.005 -21"><span class='ocrx_word' id='word_1_118' title='bbox 188 1961 245 2023; x_wconf 82' lang='lat' dir='ltr'>ereb</span> <span class='ocrx_word' id='word_1_119' title='bbox 261 1965 358 2021; x_wconf 78' lang='lat' dir='ltr'>antris</span> <span class='ocrx_word' id='word_1_120' title='bbox 374 1963 633 2043; x_wconf 58' lang='lat' dir='ltr'>ifflasulmineis</span> <span class='ocrx_word' id='word_1_121' title='bbox 647 1963 743 2044; x_wconf 81' lang='lat' dir='ltr'>legere</span> <span class='ocrx_word' id='word_1_122' title='bbox 756 1965 900 2022; x_wconf 71' lang='lat' dir='ltr'>ceraunio</span> <span class='ocrx_word' id='word_1_123' title='bbox 920 1959 1080 2039; x_wconf 84' lang='lat' dir='ltr'>nymphae.</span> <span class='ocrx_word' id='word_1_124' title='bbox 1125 1959 1203 2018; x_wconf 83' lang='lat' dir='ltr'>inira</span> <span class='ocrx_word' id='word_1_125' title='bbox 1219 1964 1293 2025; x_wconf 77' lang='lat'>257.</span> 
     </span>
     <span class='ocr_line' id='line_1_16' title="bbox 188 2043 1294 2130; baseline -0.004 -23"><span class='ocrx_word' id='word_1_126' title='bbox 188 2051 332 2108; x_wconf 78' lang='lat' dir='ltr'>Dsursr.</span> <span class='ocrx_word' id='word_1_127' title='bbox 366 2048 505 2128; x_wconf 73' lang='lat' dir='ltr'>fulgura</span> <span class='ocrx_word' id='word_1_128' title='bbox 527 2059 598 2110; x_wconf 88' lang='lat' dir='ltr'>sunt</span> <span class='ocrx_word' id='word_1_129' title='bbox 620 2052 697 2108; x_wconf 87' lang='lat' dir='ltr'>ictus</span> <span class='ocrx_word' id='word_1_130' title='bbox 718 2049 803 2108; x_wconf 79' lang='lat' dir='ltr'>relnt</span> <span class='ocrx_word' id='word_1_131' title='bbox 818 2046 943 2130; x_wconf 81' lang='lat' dir='ltr'>quidam</span> <span class='ocrx_word' id='word_1_132' title='bbox 957 2055 988 2104; x_wconf 88' lang='lat' dir='ltr'>et</span> <span class='ocrx_word' id='word_1_133' title='bbox 1002 2043 1079 2103; x_wconf 87' lang='lat' dir='ltr'>radii</span> <span class='ocrx_word' id='word_1_134' title='bbox 1093 2063 1294 2123; x_wconf 88' lang='lat' dir='ltr'>gemmarum.</span> 
     </span>
     <span class='ocr_line' id='line_1_17' title="bbox 189 2125 1295 2215; baseline -0.005 -21"><span class='ocrx_word' id='word_1_135' title='bbox 189 2131 389 2194; x_wconf 71' lang='lat' dir='ltr'>claudianus:</span> <span class='ocrx_word' id='word_1_136' title='bbox 411 2135 596 2213; x_wconf 78' lang='lat' dir='ltr'>amethystus</span> <span class='ocrx_word' id='word_1_137' title='bbox 613 2125 703 2206; x_wconf 77' lang='lat' dir='ltr'>inest,</span> <span class='ocrx_word' id='word_1_138' title='bbox 725 2145 753 2192; x_wconf 86' lang='lat' dir='ltr'>et</span> <span class='ocrx_word' id='word_1_139' title='bbox 768 2131 881 2215; x_wconf 81' lang='lat' dir='ltr'>fulgur·</span> <span class='ocrx_word' id='word_1_140' title='bbox 898 2131 1004 2192; x_wconf 80' lang='lat' dir='ltr'>Iber-sss</span> <span class='ocrx_word' id='word_1_141' title='bbox 1018 2141 1163 2208; x_wconf 75' lang='lat' dir='ltr'>temperat</span> <span class='ocrx_word' id='word_1_142' title='bbox 1173 2132 1295 2188; x_wconf 62' lang='lat' dir='ltr'>ameum</span> 
     </span>
     <span class='ocr_line' id='line_1_18' title="bbox 146 2213 1295 2300; baseline -0.003 -23"><span class='ocrx_word' id='word_1_143' title='bbox 146 2227 150 2234; x_wconf 68' lang='lat'><strong>⁴</strong></span> <span class='ocrx_word' id='word_1_144' title='bbox 189 2219 349 2298; x_wconf 78' lang='lat' dir='ltr'>hyacinthi</span> <span class='ocrx_word' id='word_1_145' title='bbox 363 2219 644 2298; x_wconf 75' lang='lat' dir='ltr'>caeruhuflammis.</span> <span class='ocrx_word' id='word_1_146' title='bbox 690 2219 746 2278; x_wconf 93' lang='lat' dir='ltr'>sed</span> <span class='ocrx_word' id='word_1_147' title='bbox 758 2217 832 2300; x_wconf 88' lang='lat' dir='ltr'>quid</span> <span class='ocrx_word' id='word_1_148' title='bbox 846 2220 904 2278; x_wconf 86' lang='lat' dir='ltr'>sibi</span> <span class='ocrx_word' id='word_1_149' title='bbox 920 2218 985 2276; x_wconf 86' lang='lat' dir='ltr'>rult</span> <span class='ocrx_word' id='word_1_150' title='bbox 1000 2213 1077 2276; x_wconf 89' lang='lat' dir='ltr'>illud</span> <span class='ocrx_word' id='word_1_151' title='bbox 1089 2215 1295 2274; x_wconf 77' lang='lat' dir='ltr'>censebuntin</span> 
     </span>
     <span class='ocr_line' id='line_1_19' title="bbox 191 2302 1296 2384; baseline -0.004 -22"><span class='ocrx_word' id='word_1_152' title='bbox 191 2302 343 2384; x_wconf 77' lang='lat' dir='ltr'>(iorippo&#39;l</span> <span class='ocrx_word' id='word_1_153' title='bbox 387 2307 440 2384; x_wconf 86' lang='lat' dir='ltr'>qui</span> <span class='ocrx_word' id='word_1_154' title='bbox 461 2325 511 2364; x_wconf 86' lang='lat' dir='ltr'>me</span> <span class='ocrx_word' id='word_1_155' title='bbox 534 2305 650 2381; x_wconf 86' lang='lat' dir='ltr'>audiet,</span> <span class='ocrx_word' id='word_1_156' title='bbox 673 2303 829 2363; x_wconf 81' lang='lat' dir='ltr'>certabunt</span> <span class='ocrx_word' id='word_1_157' title='bbox 846 2314 980 2382; x_wconf 89' lang='lat' dir='ltr'>reponet.</span> <span class='ocrx_word' id='word_1_158' title='bbox 1024 2303 1065 2358; x_wconf 86' lang='lat' dir='ltr'>ita</span> <span class='ocrx_word' id='word_1_159' title='bbox 1079 2321 1155 2360; x_wconf 86' lang='lat' dir='ltr'>sane</span> <span class='ocrx_word' id='word_1_160' title='bbox 1170 2302 1296 2380; x_wconf 87' lang='lat' dir='ltr'>elegan-</span> 
     </span>
     <span class='ocr_line' id='line_1_20' title="bbox 190 2383 1296 2470; baseline -0.004 -22"><span class='ocrx_word' id='word_1_161' title='bbox 190 2391 306 2448; x_wconf 86' lang='lat' dir='ltr'>tissime</span> <span class='ocrx_word' id='word_1_162' title='bbox 330 2387 457 2463; x_wconf 81' lang='lat' dir='ltr'>dixerit,</span> <span class='ocrx_word' id='word_1_163' title='bbox 478 2401 513 2448; x_wconf 90' lang='lat' dir='ltr'>ut</span> <span class='ocrx_word' id='word_1_164' title='bbox 535 2391 637 2470; x_wconf 86' lang='lat' dir='ltr'>fulgor</span> <span class='ocrx_word' id='word_1_165' title='bbox 660 2409 848 2470; x_wconf 87' lang='lat' dir='ltr'>gemmarum</span> <span class='ocrx_word' id='word_1_166' title='bbox 869 2389 1001 2446; x_wconf 76' lang='lat' dir='ltr'>invicem</span> <span class='ocrx_word' id='word_1_167' title='bbox 1017 2383 1100 2444; x_wconf 85' lang='lat' dir='ltr'>reiut</span> <span class='ocrx_word' id='word_1_168' title='bbox 1116 2389 1296 2466; x_wconf 80' lang='lat' dir='ltr'>pugnaverit</span> 
     </span>
     <span class='ocr_line' id='line_1_21' title="bbox 191 2473 1295 2554; baseline -0.002 -22"><span class='ocrx_word' id='word_1_169' title='bbox 191 2473 252 2532; x_wconf 90' lang='lat' dir='ltr'>alio</span> <span class='ocrx_word' id='word_1_170' title='bbox 273 2473 368 2532; x_wconf 84' lang='lat' dir='ltr'>alium</span> <span class='ocrx_word' id='word_1_171' title='bbox 387 2476 579 2552; x_wconf 83' lang='lat' dir='ltr'>supervenire</span> <span class='ocrx_word' id='word_1_172' title='bbox 592 2473 799 2534; x_wconf 87' lang='lat' dir='ltr'>contendente.</span> <span class='ocrx_word' id='word_1_173' title='bbox 843 2475 959 2554; x_wconf 68' lang='lat' dir='ltr'>poetice</span> <span class='ocrx_word' id='word_1_174' title='bbox 976 2491 1048 2532; x_wconf 89' lang='lat' dir='ltr'>sane</span> <span class='ocrx_word' id='word_1_175' title='bbox 1061 2481 1090 2530; x_wconf 90' lang='lat' dir='ltr'>et</span> <span class='ocrx_word' id='word_1_176' title='bbox 1104 2483 1295 2551; x_wconf 80' lang='lat' dir='ltr'>pervenuste.</span> 
     </span>
     <span class='ocr_line' id='line_1_22' title="bbox 189 2555 1296 2639; baseline 0 -23"><span class='ocrx_word' id='word_1_177' title='bbox 189 2560 316 2617; x_wconf 86' lang='lat' dir='ltr'>memini</span> <span class='ocrx_word' id='word_1_178' title='bbox 338 2561 541 2638; x_wconf 88' lang='lat' dir='ltr'>superioribus</span> <span class='ocrx_word' id='word_1_179' title='bbox 563 2563 785 2621; x_wconf 87' lang='lat' dir='ltr'>commentariis</span> <span class='ocrx_word' id='word_1_180' title='bbox 806 2557 843 2617; x_wconf 87' lang='lat' dir='ltr'>ad</span> <span class='ocrx_word' id='word_1_181' title='bbox 862 2561 1052 2639; x_wconf 88' lang='lat' dir='ltr'>Propertimn</span> <span class='ocrx_word' id='word_1_182' title='bbox 1070 2555 1220 2638; x_wconf 85' lang='lat' dir='ltr'>quaedam</span> <span class='ocrx_word' id='word_1_183' title='bbox 1238 2577 1296 2616; x_wconf 92' lang='lat' dir='ltr'>no-</span> 
     </span>
     <span class='ocr_line' id='line_1_23' title="bbox 192 2637 1296 2727; baseline -0.001 -25"><span class='ocrx_word' id='word_1_184' title='bbox 192 2653 256 2702; x_wconf 88' lang='lat' dir='ltr'>tare</span> <span class='ocrx_word' id='word_1_185' title='bbox 278 2645 358 2724; x_wconf 76' lang='lat' dir='ltr'>paris</span> <span class='ocrx_word' id='word_1_186' title='bbox 381 2645 559 2725; x_wconf 89' lang='lat' dir='ltr'>elegantiae.</span> <span class='ocrx_word' id='word_1_187' title='bbox 603 2646 712 2727; x_wconf 91' lang='lat' dir='ltr'>quodsi</span> <span class='ocrx_word' id='word_1_188' title='bbox 726 2647 849 2704; x_wconf 89' lang='lat' dir='ltr'>omnino</span> <span class='ocrx_word' id='word_1_189' title='bbox 863 2641 942 2702; x_wconf 82' lang='lat' dir='ltr'>nibil</span> <span class='ocrx_word' id='word_1_190' title='bbox 956 2637 1135 2701; x_wconf 81' lang='lat' dir='ltr'>mutandum</span> <span class='ocrx_word' id='word_1_191' title='bbox 1150 2643 1296 2718; x_wconf 83' lang='lat' dir='ltr'>censebis,</span> 
     </span>
     <span class='ocr_line' id='line_1_24' title="bbox 193 2723 1298 2811; baseline -0.001 -24"><span class='ocrx_word' id='word_1_192' title='bbox 193 2729 238 2788; x_wconf 87' lang='lat' dir='ltr'>uti</span> <span class='ocrx_word' id='word_1_193' title='bbox 259 2739 289 2787; x_wconf 90' lang='lat' dir='ltr'>et</span> <span class='ocrx_word' id='word_1_194' title='bbox 306 2749 338 2787; x_wconf 85' lang='lat' dir='ltr'>re</span> <span class='ocrx_word' id='word_1_195' title='bbox 358 2731 423 2810; x_wconf 86' lang='lat' dir='ltr'>ipsa</span> <span class='ocrx_word' id='word_1_196' title='bbox 442 2729 520 2790; x_wconf 88' lang='lat' dir='ltr'>nibil</span> <span class='ocrx_word' id='word_1_197' title='bbox 542 2736 663 2790; x_wconf 88' lang='lat' dir='ltr'>omnino</span> <span class='ocrx_word' id='word_1_198' title='bbox 688 2743 775 2811; x_wconf 93' lang='lat' dir='ltr'>puto,</span> <span class='ocrx_word' id='word_1_199' title='bbox 800 2729 962 2787; x_wconf 79' lang='lat' dir='ltr'>cernebant</span> <span class='ocrx_word' id='word_1_200' title='bbox 980 2725 1125 2809; x_wconf 83' lang='lat' dir='ltr'>frigidum</span> <span class='ocrx_word' id='word_1_201' title='bbox 1142 2731 1214 2802; x_wconf 90' lang='lat' dir='ltr'>erit,</span> <span class='ocrx_word' id='word_1_202' title='bbox 1236 2723 1298 2786; x_wconf 83' lang='lat' dir='ltr'>nisi</span> 
     </span>
     <span class='ocr_line' id='line_1_25' title="bbox 192 2813 1297 2897; baseline 0 -25"><span class='ocrx_word' id='word_1_203' title='bbox 192 2813 301 2873; x_wconf 86' lang='lat' dir='ltr'>eadem</span> <span class='ocrx_word' id='word_1_204' title='bbox 315 2813 405 2875; x_wconf 90' lang='lat' dir='ltr'>buius</span> <span class='ocrx_word' id='word_1_205' title='bbox 419 2815 575 2877; x_wconf 61' lang='lat' dir='ltr'>comburit</span> <span class='ocrx_word' id='word_1_206' title='bbox 586 2828 732 2897; x_wconf 84' lang='lat' dir='ltr'>potestate</span> <span class='ocrx_word' id='word_1_207' title='bbox 745 2813 779 2875; x_wconf 90' lang='lat' dir='ltr'>id</span> <span class='ocrx_word' id='word_1_208' title='bbox 795 2813 950 2878; x_wconf 83' lang='lat' dir='ltr'>exaudies.</span> <span class='ocrx_word' id='word_1_209' title='bbox 994 2833 1115 2873; x_wconf 88' lang='lat' dir='ltr'>cernere</span> <span class='ocrx_word' id='word_1_210' title='bbox 1130 2815 1211 2872; x_wconf 90' lang='lat' dir='ltr'>enim</span> <span class='ocrx_word' id='word_1_211' title='bbox 1225 2833 1297 2872; x_wconf 90' lang='lat' dir='ltr'>eru-</span> 
     </span>
     <span class='ocr_line' id='line_1_26' title="bbox 194 2897 1298 2985; baseline -0.001 -26"><span class='ocrx_word' id='word_1_212' title='bbox 194 2898 256 2960; x_wconf 91' lang='lat' dir='ltr'>dito</span> <span class='ocrx_word' id='word_1_213' title='bbox 278 2903 415 2961; x_wconf 84' lang='lat' dir='ltr'>Romano</span> <span class='ocrx_word' id='word_1_214' title='bbox 435 2922 493 2963; x_wconf 90' lang='lat' dir='ltr'>usu</span> <span class='ocrx_word' id='word_1_215' title='bbox 511 2899 595 2961; x_wconf 88' lang='lat' dir='ltr'>idem</span> <span class='ocrx_word' id='word_1_216' title='bbox 613 2912 658 2961; x_wconf 88' lang='lat' dir='ltr'>est</span> <span class='ocrx_word' id='word_1_217' title='bbox 677 2899 760 2985; x_wconf 86' lang='lat' dir='ltr'>quod</span> <span class='ocrx_word' id='word_1_218' title='bbox 782 2911 913 2979; x_wconf 70' lang='lat' dir='ltr'>cenare,</span> <span class='ocrx_word' id='word_1_219' title='bbox 936 2919 1029 2982; x_wconf 89' lang='lat' dir='ltr'>aquo</span> <span class='ocrx_word' id='word_1_220' title='bbox 1044 2909 1075 2959; x_wconf 88' lang='lat' dir='ltr'>et</span> <span class='ocrx_word' id='word_1_221' title='bbox 1089 2897 1147 2958; x_wconf 91' lang='lat' dir='ltr'>boc</span> <span class='ocrx_word' id='word_1_222' title='bbox 1161 2897 1298 2958; x_wconf 86' lang='lat' dir='ltr'>ductum.</span> 
     </span>
     <span class='ocr_line' id='line_1_27' title="bbox 192 2983 780 3046; baseline 0 -2"><span class='ocrx_word' id='word_1_223' title='bbox 192 2987 319 3046; x_wconf 73' lang='lat' dir='ltr'>Basra.</span> <span class='ocrx_word' id='word_1_224' title='bbox 778 2983 780 2986; x_wconf 75' lang='grc'><strong>’</strong></span> 
     </span>
    </p>

    <p class='ocr_par' dir='ltr' id='par_1_5' title="bbox 194 3067 1304 3324">
     <span class='ocr_line' id='line_1_28' title="bbox 278 3067 1300 3156; baseline -0.007 -19"><span class='ocrx_word' id='word_1_225' title='bbox 278 3077 330 3138; x_wconf 79' lang='lat'>20.</span> <span class='ocrx_word' id='word_1_226' title='bbox 375 3072 413 3132; x_wconf 89' lang='lat' dir='ltr'>dc</span> <span class='ocrx_word' id='word_1_227' title='bbox 437 3074 505 3132; x_wconf 87' lang='lat' dir='ltr'>luce</span> <span class='ocrx_word' id='word_1_228' title='bbox 524 3075 651 3134; x_wconf 78' lang='lat' dir='ltr'>feriente</span> <span class='ocrx_word' id='word_1_229' title='bbox 672 3076 826 3156; x_wconf 82' lang='lat' dir='ltr'>laquearia</span> <span class='ocrx_word' id='word_1_230' title='bbox 846 3071 974 3132; x_wconf 86' lang='lat' dir='ltr'>imitatio</span> <span class='ocrx_word' id='word_1_231' title='bbox 997 3081 1043 3131; x_wconf 88' lang='lat' dir='ltr'>est</span> <span class='ocrx_word' id='word_1_232' title='bbox 1063 3073 1205 3130; x_wconf 85' lang='lat' dir='ltr'>Maronis.</span> <span class='ocrx_word' id='word_1_233' title='bbox 1249 3067 1300 3130; x_wconf 79' lang='lat' dir='ltr'>his</span> 
     </span>
     <span class='ocr_line' id='line_1_29' title="bbox 194 3157 1300 3240; baseline -0.003 -24"><span class='ocrx_word' id='word_1_234' title='bbox 194 3168 297 3217; x_wconf 88' lang='lat' dir='ltr'>autem</span> <span class='ocrx_word' id='word_1_235' title='bbox 317 3160 454 3218; x_wconf 82' lang='lat' dir='ltr'>versibus</span> <span class='ocrx_word' id='word_1_236' title='bbox 476 3161 569 3220; x_wconf 92' lang='lat' dir='ltr'>inseri</span> <span class='ocrx_word' id='word_1_237' title='bbox 590 3181 653 3219; x_wconf 91' lang='lat' dir='ltr'>non</span> <span class='ocrx_word' id='word_1_238' title='bbox 671 3157 862 3219; x_wconf 85' lang='lat' dir='ltr'>incommode</span> <span class='ocrx_word' id='word_1_239' title='bbox 877 3167 994 3240; x_wconf 86' lang='lat' dir='ltr'>poterat</span> <span class='ocrx_word' id='word_1_240' title='bbox 1009 3159 1061 3238; x_wconf 89' lang='lat' dir='ltr'>qui</span> <span class='ocrx_word' id='word_1_241' title='bbox 1078 3177 1167 3238; x_wconf 83' lang='lat' dir='ltr'>supm</span> <span class='ocrx_word' id='word_1_242' title='bbox 1180 3175 1198 3214; x_wconf 86' lang='lat' dir='ltr'>a</span> <span class='ocrx_word' id='word_1_243' title='bbox 1210 3157 1300 3214; x_wconf 85' lang='lat' dir='ltr'>uobis</span> 
     </span>
     <span class='ocr_line' id='line_1_30' title="bbox 195 3243 1304 3324; baseline -0.004 -22"><span class='ocrx_word' id='word_1_244' title='bbox 195 3244 340 3324; x_wconf 84' lang='lat' dir='ltr'>explosus</span> <span class='ocrx_word' id='word_1_245' title='bbox 356 3253 419 3319; x_wconf 88' lang='lat' dir='ltr'>est,</span> <span class='ocrx_word' id='word_1_246' title='bbox 447 3249 493 3308; x_wconf 85' lang='lat'>11.</span> <span class='ocrx_word' id='word_1_247' title='bbox 537 3248 652 3305; x_wconf 87' lang='lat' dir='ltr'>scribo:</span> <span class='ocrx_word' id='word_1_248' title='bbox 673 3257 743 3306; x_wconf 78' lang='lat' dir='ltr'>asra</span> <span class='ocrx_word' id='word_1_249' title='bbox 766 3243 886 3304; x_wconf 83' lang='lat' dir='ltr'>Sabaea</span> <span class='ocrx_word' id='word_1_250' title='bbox 902 3277 947 3290; x_wconf 89' lang='lat'><em>-</em></span> <span class='ocrx_word' id='word_1_251' title='bbox 963 3261 1062 3302; x_wconf 82' lang='lat' dir='ltr'>succo.</span> <span class='ocrx_word' id='word_1_252' title='bbox 1108 3245 1189 3301; x_wconf 70' lang='lat' dir='ltr'>uisae</span> <span class='ocrx_word' id='word_1_253' title='bbox 1208 3243 1304 3300; x_wconf 57' lang='lat' dir='ltr'>meisi</span> 
     </span>
    </p>
   </div>
   <div class='ocr_carea' id='block_1_5' title="bbox 195 3323 1396 3410">
    <p class='ocr_par' dir='ltr' id='par_1_6' title="bbox 195 3323 1396 3410">
     <span class='ocr_line' id='line_1_31' title="bbox 195 3323 1396 3410; baseline -0.002 -24"><span class='ocrx_word' id='word_1_254' title='bbox 195 3329 319 3387; x_wconf 80' lang='lat' dir='ltr'>sterium</span> <span class='ocrx_word' id='word_1_255' title='bbox 334 3329 590 3410; x_wconf 78' lang='lat' dir='ltr'>luetamseriebat</span> <span class='ocrx_word' id='word_1_256' title='bbox 604 3335 636 3390; x_wconf 80' lang='lat' dir='ltr'>iss</span> <span class='ocrx_word' id='word_1_257' title='bbox 651 3333 768 3390; x_wconf 71' lang='lat' dir='ltr'>aulum</span> <span class='ocrx_word' id='word_1_258' title='bbox 814 3342 933 3390; x_wconf 84' lang='lat' dir='ltr'>centum</span> <span class='ocrx_word' id='word_1_259' title='bbox 955 3328 1036 3387; x_wconf 78' lang='lat' dir='ltr'>ult&#39;ae</span> <span class='ocrx_word' id='word_1_260' title='bbox 1061 3339 1115 3387; x_wconf 85' lang='lat' dir='ltr'>etc.</span> <span class='ocrx_word' id='word_1_261' title='bbox 1161 3329 1250 3386; x_wconf 83' lang='lat' dir='ltr'>ferire</span> <span class='ocrx_word' id='word_1_262' title='bbox 1266 3328 1304 3384; x_wconf 84' lang='lat' dir='ltr'>in</span> <span class='ocrx_word' id='word_1_263' title='bbox 1390 3323 1396 3340; x_wconf 81' lang='grc'><em>’</em></span> 
     </span>
    </p>
   </div>
   <div class='ocr_carea' id='block_1_6' title="bbox 196 3415 1383 4773">
    <p class='ocr_par' dir='ltr' id='par_1_7' title="bbox 196 3415 1383 4773">
     <span class='ocr_line' id='line_1_32' title="bbox 196 3415 1302 3493; baseline -0.004 -20"><span class='ocrx_word' id='word_1_264' title='bbox 196 3415 298 3473; x_wconf 88' lang='lat' dir='ltr'>aulam</span> <span class='ocrx_word' id='word_1_265' title='bbox 317 3415 520 3476; x_wconf 83' lang='lat' dir='ltr'>barbarismus</span> <span class='ocrx_word' id='word_1_266' title='bbox 542 3427 602 3493; x_wconf 88' lang='lat' dir='ltr'>est,</span> <span class='ocrx_word' id='word_1_267' title='bbox 625 3437 694 3476; x_wconf 90' lang='lat' dir='ltr'>cum</span> <span class='ocrx_word' id='word_1_268' title='bbox 714 3415 867 3477; x_wconf 86' lang='lat' dir='ltr'>idiotismo</span> <span class='ocrx_word' id='word_1_269' title='bbox 881 3418 972 3476; x_wconf 88' lang='lat' dir='ltr'>etiam</span> <span class='ocrx_word' id='word_1_270' title='bbox 985 3416 1164 3480; x_wconf 84' lang='lat' dir='ltr'>Germanico</span> <span class='ocrx_word' id='word_1_271' title='bbox 1180 3415 1302 3491; x_wconf 86' lang='lat' dir='ltr'>egregie</span> 
     </span>
     <span class='ocr_line' id='line_1_33' title="bbox 197 3497 1378 3582; baseline -0.004 -24"><span class='ocrx_word' id='word_1_272' title='bbox 197 3517 375 3560; x_wconf 87' lang='lat' dir='ltr'>consonans.</span> <span class='ocrx_word' id='word_1_273' title='bbox 407 3505 653 3582; x_wconf 84' lang='lat' dir='ltr'>transpositiones</span> <span class='ocrx_word' id='word_1_274' title='bbox 666 3497 768 3562; x_wconf 86' lang='lat' dir='ltr'>autem</span> <span class='ocrx_word' id='word_1_275' title='bbox 779 3501 869 3561; x_wconf 88' lang='lat' dir='ltr'>huius</span> <span class='ocrx_word' id='word_1_276' title='bbox 883 3501 1001 3581; x_wconf 86' lang='lat' dir='ltr'>generis</span> <span class='ocrx_word' id='word_1_277' title='bbox 1014 3502 1047 3558; x_wconf 91' lang='lat' dir='ltr'>in</span> <span class='ocrx_word' id='word_1_278' title='bbox 1063 3502 1228 3580; x_wconf 89' lang='lat' dir='ltr'>priscomm</span> <span class='ocrx_word' id='word_1_279' title='bbox 1242 3516 1303 3554; x_wconf 85' lang='lat' dir='ltr'>an·</span> <span class='ocrx_word' id='word_1_280' title='bbox 1372 3515 1378 3528; x_wconf 53' lang='lat'>:</span> 
     </span>
     <span class='ocr_line' id='line_1_34' title="bbox 197 3585 1305 3668; baseline -0.003 -26"><span class='ocrx_word' id='word_1_281' title='bbox 197 3593 313 3643; x_wconf 91' lang='lat' dir='ltr'>ctornm</span> <span class='ocrx_word' id='word_1_282' title='bbox 328 3585 413 3644; x_wconf 91' lang='lat' dir='ltr'>libris</span> <span class='ocrx_word' id='word_1_283' title='bbox 430 3587 547 3646; x_wconf 87' lang='lat' dir='ltr'>anobis</span> <span class='ocrx_word' id='word_1_284' title='bbox 565 3591 687 3668; x_wconf 88' lang='lat' dir='ltr'>reperiri</span> <span class='ocrx_word' id='word_1_285' title='bbox 705 3589 865 3648; x_wconf 84' lang='lat' dir='ltr'>mirificum</span> <span class='ocrx_word' id='word_1_286' title='bbox 881 3596 1022 3644; x_wconf 87' lang='lat' dir='ltr'>nonest:</span> <span class='ocrx_word' id='word_1_287' title='bbox 1046 3603 1115 3643; x_wconf 91' lang='lat' dir='ltr'>cum</span> <span class='ocrx_word' id='word_1_288' title='bbox 1137 3587 1217 3642; x_wconf 77' lang='lat' dir='ltr'>etaim</span> <span class='ocrx_word' id='word_1_289' title='bbox 1237 3601 1305 3640; x_wconf 87' lang='lat' dir='ltr'>non</span> 
     </span>
     <span class='ocr_line' id='line_1_35' title="bbox 198 3664 1305 3754; baseline -0.002 -27"><span class='ocrx_word' id='word_1_290' title='bbox 198 3687 265 3728; x_wconf 85' lang='lat' dir='ltr'>raro</span> <span class='ocrx_word' id='word_1_291' title='bbox 282 3669 400 3729; x_wconf 85' lang='lat' dir='ltr'>codices</span> <span class='ocrx_word' id='word_1_292' title='bbox 416 3673 474 3750; x_wconf 90' lang='lat' dir='ltr'>ipsi</span> <span class='ocrx_word' id='word_1_293' title='bbox 487 3693 549 3732; x_wconf 92' lang='lat' dir='ltr'>non</span> <span class='ocrx_word' id='word_1_294' title='bbox 564 3675 595 3732; x_wconf 90' lang='lat' dir='ltr'>iu</span> <span class='ocrx_word' id='word_1_295' title='bbox 611 3676 735 3754; x_wconf 87' lang='lat' dir='ltr'>longas,</span> <span class='ocrx_word' id='word_1_296' title='bbox 757 3683 791 3732; x_wconf 90' lang='lat' dir='ltr'>ut</span> <span class='ocrx_word' id='word_1_297' title='bbox 806 3670 897 3731; x_wconf 89' lang='lat' dir='ltr'>hodie</span> <span class='ocrx_word' id='word_1_298' title='bbox 911 3671 1022 3753; x_wconf 87' lang='lat' dir='ltr'>ubique</span> <span class='ocrx_word' id='word_1_299' title='bbox 1036 3689 1103 3728; x_wconf 88' lang='lat' dir='ltr'>mos</span> <span class='ocrx_word' id='word_1_300' title='bbox 1118 3679 1178 3744; x_wconf 87' lang='lat' dir='ltr'>est,</span> <span class='ocrx_word' id='word_1_301' title='bbox 1201 3664 1305 3727; x_wconf 89' lang='lat' dir='ltr'>sedin</span> 
     </span>
     <span class='ocr_line' id='line_1_36' title="bbox 197 3751 1305 3834; baseline -0.001 -23"><span class='ocrx_word' id='word_1_302' title='bbox 197 3751 362 3814; x_wconf 86' lang='lat' dir='ltr'>admodum</span> <span class='ocrx_word' id='word_1_303' title='bbox 390 3755 497 3818; x_wconf 82' lang='lat' dir='ltr'>breves</span> <span class='ocrx_word' id='word_1_304' title='bbox 526 3760 734 3833; x_wconf 84' lang='lat' dir='ltr'>membranas,</span> <span class='ocrx_word' id='word_1_305' title='bbox 772 3759 934 3816; x_wconf 89' lang='lat' dir='ltr'>latissimas</span> <span class='ocrx_word' id='word_1_306' title='bbox 956 3775 1042 3830; x_wconf 76' lang='lat' dir='ltr'>vero,</span> <span class='ocrx_word' id='word_1_307' title='bbox 1079 3765 1110 3814; x_wconf 89' lang='lat' dir='ltr'>et</span> <span class='ocrx_word' id='word_1_308' title='bbox 1130 3773 1219 3834; x_wconf 87' lang='lat' dir='ltr'>saepe</span> <span class='ocrx_word' id='word_1_309' title='bbox 1240 3773 1305 3811; x_wconf 92' lang='lat' dir='ltr'>non</span> 
     </span>
     <span class='ocr_line' id='line_1_37' title="bbox 197 3839 1305 3926; baseline -0.003 -29"><span class='ocrx_word' id='word_1_310' title='bbox 197 3841 338 3900; x_wconf 91' lang='lat' dir='ltr'>omnibus</span> <span class='ocrx_word' id='word_1_311' title='bbox 367 3841 441 3901; x_wconf 89' lang='lat' dir='ltr'>locis</span> <span class='ocrx_word' id='word_1_312' title='bbox 468 3847 533 3924; x_wconf 89' lang='lat' dir='ltr'>pari</span> <span class='ocrx_word' id='word_1_313' title='bbox 559 3847 687 3926; x_wconf 86' lang='lat' dir='ltr'>puritate</span> <span class='ocrx_word' id='word_1_314' title='bbox 720 3844 959 3902; x_wconf 85' lang='lat' dir='ltr'>exscriberentur</span> <span class='ocrx_word' id='word_1_315' title='bbox 980 3842 1128 3914; x_wconf 90' lang='lat' dir='ltr'>carmina,</span> <span class='ocrx_word' id='word_1_316' title='bbox 1158 3839 1305 3897; x_wconf 84' lang='lat' dir='ltr'>facillime</span> 
     </span>
     <span class='ocr_line' id='line_1_38' title="bbox 196 3925 1305 4008; baseline -0.003 -25"><span class='ocrx_word' id='word_1_317' title='bbox 196 3926 287 3984; x_wconf 89' lang='lat' dir='ltr'>unius</span> <span class='ocrx_word' id='word_1_318' title='bbox 306 3928 435 4007; x_wconf 85' lang='lat' dir='ltr'>paginae</span> <span class='ocrx_word' id='word_1_319' title='bbox 458 3931 593 4008; x_wconf 88' lang='lat' dir='ltr'>inceptor</span> <span class='ocrx_word' id='word_1_320' title='bbox 618 3949 722 3988; x_wconf 82' lang='lat' dir='ltr'>versus</span> <span class='ocrx_word' id='word_1_321' title='bbox 743 3932 841 4008; x_wconf 92' lang='lat' dir='ltr'>potuit</span> <span class='ocrx_word' id='word_1_322' title='bbox 865 3930 897 3986; x_wconf 90' lang='lat' dir='ltr'>in</span> <span class='ocrx_word' id='word_1_323' title='bbox 921 3929 1042 3986; x_wconf 89' lang='lat' dir='ltr'>alterius</span> <span class='ocrx_word' id='word_1_324' title='bbox 1065 3927 1146 3984; x_wconf 84' lang='lat' dir='ltr'>latus</span> <span class='ocrx_word' id='word_1_325' title='bbox 1164 3925 1305 3998; x_wconf 80' lang='lat' dir='ltr'>tramite,</span> 
     </span>
     <span class='ocr_line' id='line_1_39' title="bbox 198 4011 1323 4093; baseline -0.002 -26"><span class='ocrx_word' id='word_1_326' title='bbox 198 4019 251 4068; x_wconf 86' lang='lat' dir='ltr'>aut</span> <span class='ocrx_word' id='word_1_327' title='bbox 263 4013 367 4070; x_wconf 87' lang='lat' dir='ltr'>notula</span> <span class='ocrx_word' id='word_1_328' title='bbox 384 4011 516 4093; x_wconf 88' lang='lat' dir='ltr'>quadam</span> <span class='ocrx_word' id='word_1_329' title='bbox 535 4017 695 4093; x_wconf 86' lang='lat' dir='ltr'>insignitus</span> <span class='ocrx_word' id='word_1_330' title='bbox 713 4015 814 4073; x_wconf 86' lang='lat' dir='ltr'>locum</span> <span class='ocrx_word' id='word_1_331' title='bbox 829 4033 917 4074; x_wconf 88' lang='lat' dir='ltr'>suum</span> <span class='ocrx_word' id='word_1_332' title='bbox 933 4012 1137 4071; x_wconf 89' lang='lat' dir='ltr'>demonstrare</span> <span class='ocrx_word' id='word_1_333' title='bbox 1153 4030 1215 4068; x_wconf 92' lang='lat' dir='ltr'>non</span> <span class='ocrx_word' id='word_1_334' title='bbox 1229 4027 1323 4088; x_wconf 60' lang='lat' dir='ltr'>pos-,</span> 
     </span>
     <span class='ocr_line' id='line_1_40' title="bbox 198 4093 1307 4178; baseline -0.002 -24"><span class='ocrx_word' id='word_1_335' title='bbox 198 4093 312 4155; x_wconf 83' lang='lat' dir='ltr'>sidere:</span> <span class='ocrx_word' id='word_1_336' title='bbox 334 4101 446 4160; x_wconf 89' lang='lat' dir='ltr'>notulis</span> <span class='ocrx_word' id='word_1_337' title='bbox 472 4101 650 4178; x_wconf 76' lang='lat' dir='ltr'>autemillis</span> <span class='ocrx_word' id='word_1_338' title='bbox 668 4103 760 4158; x_wconf 82' lang='lat' dir='ltr'>erasis</span> <span class='ocrx_word' id='word_1_339' title='bbox 778 4109 829 4158; x_wconf 88' lang='lat' dir='ltr'>aut</span> <span class='ocrx_word' id='word_1_340' title='bbox 844 4101 935 4178; x_wconf 89' lang='lat' dir='ltr'>longo</span> <span class='ocrx_word' id='word_1_341' title='bbox 954 4099 1089 4178; x_wconf 90' lang='lat' dir='ltr'>tempore</span> <span class='ocrx_word' id='word_1_342' title='bbox 1107 4096 1307 4173; x_wconf 87' lang='lat' dir='ltr'>consumptis,</span> 
     </span>
     <span class='ocr_line' id='line_1_41' title="bbox 198 4179 1308 4263; baseline -0.003 -24"><span class='ocrx_word' id='word_1_343' title='bbox 198 4182 230 4238; x_wconf 92' lang='lat' dir='ltr'>in</span> <span class='ocrx_word' id='word_1_344' title='bbox 246 4181 379 4241; x_wconf 86' lang='lat' dir='ltr'>alienum</span> <span class='ocrx_word' id='word_1_345' title='bbox 394 4187 622 4244; x_wconf 86' lang='lat' dir='ltr'>contubemimn</span> <span class='ocrx_word' id='word_1_346' title='bbox 636 4186 725 4244; x_wconf 75' lang='lat' dir='ltr'>facile</span> <span class='ocrx_word' id='word_1_347' title='bbox 742 4205 801 4244; x_wconf 86' lang='lat' dir='ltr'>una</span> <span class='ocrx_word' id='word_1_348' title='bbox 816 4185 895 4244; x_wconf 82' lang='lat' dir='ltr'>lines</span> <span class='ocrx_word' id='word_1_349' title='bbox 912 4185 1066 4263; x_wconf 86' lang='lat' dir='ltr'>correpsit.</span> <span class='ocrx_word' id='word_1_350' title='bbox 1109 4201 1166 4240; x_wconf 89' lang='lat' dir='ltr'>nec</span> <span class='ocrx_word' id='word_1_351' title='bbox 1180 4199 1236 4258; x_wconf 88' lang='lat' dir='ltr'>ego</span> <span class='ocrx_word' id='word_1_352' title='bbox 1256 4179 1308 4236; x_wconf 77' lang='lat' dir='ltr'>fa·</span> 
     </span>
     <span class='ocr_line' id='line_1_42' title="bbox 199 4265 1309 4349; baseline -0.001 -26"><span class='ocrx_word' id='word_1_353' title='bbox 199 4265 257 4324; x_wconf 82' lang='lat' dir='ltr'>cilo</span> <span class='ocrx_word' id='word_1_354' title='bbox 278 4271 370 4327; x_wconf 84' lang='lat' dir='ltr'>etiam</span> <span class='ocrx_word' id='word_1_355' title='bbox 390 4272 655 4349; x_wconf 85' lang='lat' dir='ltr'>castigatissimum</span> <span class='ocrx_word' id='word_1_356' title='bbox 677 4271 768 4349; x_wconf 81' lang='lat' dir='ltr'>vulgo</span> <span class='ocrx_word' id='word_1_357' title='bbox 798 4269 935 4330; x_wconf 87' lang='lat' dir='ltr'>habitum</span> <span class='ocrx_word' id='word_1_358' title='bbox 957 4279 1110 4327; x_wconf 75' lang='lat' dir='ltr'>auctorem</span> <span class='ocrx_word' id='word_1_359' title='bbox 1129 4267 1309 4348; x_wconf 87' lang='lat' dir='ltr'>quempiam</span> 
     </span>
     <span class='ocr_line' id='line_1_43' title="bbox 199 4353 1309 4435; baseline -0.002 -27"><span class='ocrx_word' id='word_1_360' title='bbox 199 4355 324 4431; x_wconf 83' lang='lat' dir='ltr'>reperiri</span> <span class='ocrx_word' id='word_1_361' title='bbox 348 4357 505 4431; x_wconf 87' lang='lat' dir='ltr'>existimo,</span> <span class='ocrx_word' id='word_1_362' title='bbox 540 4357 593 4435; x_wconf 89' lang='lat' dir='ltr'>qui</span> <span class='ocrx_word' id='word_1_363' title='bbox 617 4375 737 4435; x_wconf 86' lang='lat' dir='ltr'>prorsus</span> <span class='ocrx_word' id='word_1_364' title='bbox 759 4354 816 4414; x_wconf 82' lang='lat' dir='ltr'>hac</span> <span class='ocrx_word' id='word_1_365' title='bbox 838 4357 906 4414; x_wconf 84' lang='lat' dir='ltr'>labe</span> <span class='ocrx_word' id='word_1_366' title='bbox 932 4365 1047 4428; x_wconf 82' lang='lat' dir='ltr'>careat3</span> <span class='ocrx_word' id='word_1_367' title='bbox 1085 4355 1116 4412; x_wconf 91' lang='lat' dir='ltr'>in</span> <span class='ocrx_word' id='word_1_368' title='bbox 1143 4353 1210 4410; x_wconf 88' lang='lat' dir='ltr'>aliis</span> <span class='ocrx_word' id='word_1_369' title='bbox 1234 4369 1309 4408; x_wconf 84' lang='lat' dir='ltr'>vero</span> 
     </span>
     <span class='ocr_line' id='line_1_44' title="bbox 200 4435 1383 4522; baseline 0 -30"><span class='ocrx_word' id='word_1_370' title='bbox 200 4437 334 4517; x_wconf 88' lang='lat' dir='ltr'>integrae</span> <span class='ocrx_word' id='word_1_371' title='bbox 360 4438 478 4520; x_wconf 87' lang='lat' dir='ltr'>periodi</span> <span class='ocrx_word' id='word_1_372' title='bbox 510 4437 617 4498; x_wconf 87' lang='lat' dir='ltr'>eadem</span> <span class='ocrx_word' id='word_1_373' title='bbox 646 4439 703 4500; x_wconf 88' lang='lat' dir='ltr'>hac</span> <span class='ocrx_word' id='word_1_374' title='bbox 735 4443 890 4501; x_wconf 89' lang='lat' dir='ltr'>occasione</span> <span class='ocrx_word' id='word_1_375' title='bbox 920 4450 1075 4522; x_wconf 83' lang='lat' dir='ltr'>corruptae</span> <span class='ocrx_word' id='word_1_376' title='bbox 1101 4435 1309 4497; x_wconf 84' lang='lat' dir='ltr'>offenduntur.</span> <span class='ocrx_word' id='word_1_377' title='bbox 1379 4493 1383 4512; x_wconf 63' lang='lat'>,</span> 
     </span>
     <span class='ocr_line' id='line_1_45' title="bbox 200 4521 1284 4583; baseline 0 -5"><span class='ocrx_word' id='word_1_378' title='bbox 200 4521 325 4583; x_wconf 70' lang='lat' dir='ltr'>Binan.</span> <span class='ocrx_word' id='word_1_379' title='bbox 1280 4569 1284 4578; x_wconf 89' lang='lat'>.</span> 
     </span>
     <span class='ocr_line' id='line_1_46' title="bbox 285 4609 1312 4690; baseline -0.006 -24"><span class='ocrx_word' id='word_1_380' title='bbox 285 4613 336 4674; x_wconf 76' lang='lat'>22.</span> <span class='ocrx_word' id='word_1_381' title='bbox 381 4619 451 4670; x_wconf 74' lang='lat' dir='ltr'>twa</span> <span class='ocrx_word' id='word_1_382' title='bbox 476 4609 597 4668; x_wconf 82' lang='lat' dir='ltr'>Sabaeo</span> <span class='ocrx_word' id='word_1_383' title='bbox 619 4613 768 4690; x_wconf 82' lang='lat' dir='ltr'>cremant]</span> <span class='ocrx_word' id='word_1_384' title='bbox 807 4621 837 4669; x_wconf 90' lang='lat' dir='ltr'>et</span> <span class='ocrx_word' id='word_1_385' title='bbox 857 4630 932 4670; x_wconf 89' lang='lat' dir='ltr'>mox</span> <span class='ocrx_word' id='word_1_386' title='bbox 953 4630 984 4668; x_wconf 81' lang='lat' dir='ltr'>v.</span> <span class='ocrx_word' id='word_1_387' title='bbox 1004 4611 1064 4674; x_wconf 81' lang='lat'>25:</span> <span class='ocrx_word' id='word_1_388' title='bbox 1093 4609 1214 4665; x_wconf 68' lang='lat' dir='ltr'>sumum</span> <span class='ocrx_word' id='word_1_389' title='bbox 1243 4623 1312 4661; x_wconf 64' lang='lat' dir='ltr'>sers-</span> 
     </span>
     <span class='ocr_line' id='line_1_47' title="bbox 202 4692 1313 4773; baseline -0.001 -24"><span class='ocrx_word' id='word_1_390' title='bbox 202 4695 308 4752; x_wconf 79' lang='lat' dir='ltr'>suntia</span> <span class='ocrx_word' id='word_1_391' title='bbox 330 4713 447 4773; x_wconf 77' lang='lat' dir='ltr'>corpses.</span> <span class='ocrx_word' id='word_1_392' title='bbox 494 4699 538 4757; x_wconf 89' lang='lat' dir='ltr'>sic</span> <span class='ocrx_word' id='word_1_393' title='bbox 552 4695 735 4758; x_wconf 86' lang='lat' dir='ltr'>Prudentius</span> <span class='ocrx_word' id='word_1_394' title='bbox 751 4693 945 4756; x_wconf 84' lang='lat' dir='ltr'>cathemerin.</span> <span class='ocrx_word' id='word_1_395' title='bbox 961 4698 1002 4761; x_wconf 91' lang='grc'>10</span> <span class='ocrx_word' id='word_1_396' title='bbox 1023 4695 1083 4761; x_wconf 79' lang='lat'>51:</span> <span class='ocrx_word' id='word_1_397' title='bbox 1105 4692 1313 4772; x_wconf 81' lang='lat' dir='ltr'>adspersoque</span> 
     </span>
    </p>
   </div>
   <div class='ocr_carea' id='block_1_7' title="bbox 0 0 1432 5160">
    <p class='ocr_par' dir='ltr' id='par_1_8' title="bbox 0 0 1432 5160">
     <span class='ocr_line' id='line_1_48' title="bbox 0 0 1432 5160; baseline 0 0"><span class='ocrx_word' id='word_1_398' title='bbox 0 0 1432 5160; x_wconf 95' lang='lat' dir='ltr'> </span> 
     </span>
    </p>
   </div>
  </div>
 </body>
</html>
