<?xml version="1.0" encoding="UTF-8"?>
<!DOCTYPE html PUBLIC "-//W3C//DTD XHTML 1.0 Transitional//EN"
    "http://www.w3.org/TR/xhtml1/DTD/xhtml1-transitional.dtd">
<html xmlns="http://www.w3.org/1999/xhtml" xml:lang="en" lang="en">
 <head>
  <title>
</title>
<meta http-equiv="Content-Type" content="text/html;charset=utf-8" />
  <meta name='ocr-system' content='tesseract 3.04.00' />
  <meta name='ocr-capabilities' content='ocr_page ocr_carea ocr_par ocr_line ocrx_word'/>
</head>
<body>
  <div class='ocr_page' id='page_1' title='image "./merobaudesetcor00bekkgoog/merobaudesetcor00bekkgoog_0277.png"; bbox 0 0 2814 5160; ppageno 0'>
   <div class='ocr_carea' id='block_1_1' title="bbox 208 687 1000 794">
    <p class='ocr_par' dir='ltr' id='par_1_1' title="bbox 208 687 1000 794">
     <span class='ocr_line' id='line_1_1' title="bbox 208 687 1000 794; baseline -0.006 -35"><span class='ocrx_word' id='word_1_1' title='bbox 208 687 283 794; x_wconf 75' lang='lat' dir='ltr'><strong>rou</strong></span> <span class='ocrx_word' id='word_1_2' title='bbox 516 687 685 754; x_wconf 81' lang='lat' dir='ltr'><strong>corner</strong></span> <span class='ocrx_word' id='word_1_3' title='bbox 708 687 766 754; x_wconf 83' lang='lat' dir='ltr'><strong>nn</strong></span> <span class='ocrx_word' id='word_1_4' title='bbox 790 687 1000 754; x_wconf 72' lang='lat' dir='ltr'><strong>nanninus</strong></span> 
     </span>
    </p>
   </div>
   <div class='ocr_carea' id='block_1_2' title="bbox 195 851 1212 4702">
    <p class='ocr_par' dir='ltr' id='par_1_2' title="bbox 195 851 1212 4702">
     <span class='ocr_line' id='line_1_2' title="bbox 291 851 1017 932; baseline -0.003 -18"><span class='ocrx_word' id='word_1_5' title='bbox 291 854 415 914; x_wconf 79' lang='lat' dir='ltr'><strong>vincens</strong></span> <span class='ocrx_word' id='word_1_6' title='bbox 427 851 495 912; x_wconf 86' lang='lat' dir='ltr'><strong>luce</strong></span> <span class='ocrx_word' id='word_1_7' title='bbox 508 851 606 930; x_wconf 81' lang='lat' dir='ltr'><strong>diens,</strong></span> <span class='ocrx_word' id='word_1_8' title='bbox 628 853 698 932; x_wconf 90' lang='lat' dir='ltr'><strong>plus</strong></span> <span class='ocrx_word' id='word_1_9' title='bbox 712 853 867 912; x_wconf 82' lang='lat' dir='ltr'><strong>maiestate</strong></span> <span class='ocrx_word' id='word_1_10' title='bbox 881 851 1017 912; x_wconf 87' lang='lat' dir='ltr'><strong>sedentis</strong></span> 
     </span>
     <span class='ocr_line' id='line_1_3' title="bbox 207 955 1044 1036; baseline -0.002 -21"><span class='ocrx_word' id='word_1_11' title='bbox 207 960 270 1024; x_wconf 82' lang='lat'><strong>180</strong></span> <span class='ocrx_word' id='word_1_12' title='bbox 290 955 418 1016; x_wconf 87' lang='lat' dir='ltr'><strong>lucidior</strong></span> <span class='ocrx_word' id='word_1_13' title='bbox 434 957 601 1036; x_wconf 89' lang='lat' dir='ltr'><strong>meliorque</strong></span> <span class='ocrx_word' id='word_1_14' title='bbox 615 955 673 1014; x_wconf 89' lang='lat' dir='ltr'><strong>sui.</strong></span> <span class='ocrx_word' id='word_1_15' title='bbox 715 957 908 1035; x_wconf 81' lang='lat' dir='ltr'><strong>primumque</strong></span> <span class='ocrx_word' id='word_1_16' title='bbox 923 965 1044 1021; x_wconf 87' lang='lat' dir='ltr'><strong>senatus</strong></span> 
     </span>
     <span class='ocr_line' id='line_1_4' title="bbox 248 1049 1035 1139; baseline 0 -22"><span class='ocrx_word' id='word_1_17' title='bbox 248 1073 254 1084; x_wconf 88' lang='grc'>·</span> <span class='ocrx_word' id='word_1_18' title='bbox 290 1078 402 1139; x_wconf 88' lang='lat' dir='ltr'><strong>pronus</strong></span> <span class='ocrx_word' id='word_1_19' title='bbox 414 1055 566 1133; x_wconf 78' lang='lat' dir='ltr'><strong>adoravit,</strong></span> <span class='ocrx_word' id='word_1_20' title='bbox 583 1049 707 1116; x_wconf 78' lang='lat' dir='ltr'><strong>“vincas</strong></span> <span class='ocrx_word' id='word_1_21' title='bbox 722 1050 857 1116; x_wconf 88' lang='lat' dir='ltr'><strong>lustina&#39;&#39;</strong></span> <span class='ocrx_word' id='word_1_22' title='bbox 873 1075 1035 1136; x_wconf 83' lang='lat' dir='ltr'><strong>perorans:</strong></span> 
     </span>
     <span class='ocr_line' id='line_1_5' title="bbox 286 1155 1004 1238; baseline -0.004 -18"><span class='ocrx_word' id='word_1_23' title='bbox 286 1155 429 1220; x_wconf 79' lang='lat' dir='ltr'><strong>“consule</strong></span> <span class='ocrx_word' id='word_1_24' title='bbox 446 1169 476 1217; x_wconf 85' lang='lat' dir='ltr'><strong>te</strong></span> <span class='ocrx_word' id='word_1_25' title='bbox 489 1159 582 1234; x_wconf 82' lang='lat' dir='ltr'><strong>felix,</strong></span> <span class='ocrx_word' id='word_1_26' title='bbox 603 1169 634 1218; x_wconf 92' lang='lat' dir='ltr'><strong>te</strong></span> <span class='ocrx_word' id='word_1_27' title='bbox 647 1161 782 1238; x_wconf 80' lang='lat' dir='ltr'><strong>principe</strong></span> <span class='ocrx_word' id='word_1_28' title='bbox 796 1159 899 1218; x_wconf 83' lang='lat' dir='ltr'><strong>floreat</strong></span> <span class='ocrx_word' id='word_1_29' title='bbox 913 1159 1004 1218; x_wconf 87' lang='lat' dir='ltr'><strong>orbis.</strong></span> 
     </span>
     <span class='ocr_line' id='line_1_6' title="bbox 289 1257 1048 1341; baseline -0.005 -19"><span class='ocrx_word' id='word_1_30' title='bbox 289 1264 388 1336; x_wconf 85' lang='lat' dir='ltr'><strong>salve,</strong></span> <span class='ocrx_word' id='word_1_31' title='bbox 409 1265 614 1341; x_wconf 86' lang='lat' dir='ltr'><strong>Augustorum</strong></span> <span class='ocrx_word' id='word_1_32' title='bbox 627 1265 744 1320; x_wconf 84' lang='lat' dir='ltr'><strong>numeri</strong></span> <span class='ocrx_word' id='word_1_33' title='bbox 757 1257 818 1320; x_wconf 88' lang='lat' dir='ltr'><strong>non</strong></span> <span class='ocrx_word' id='word_1_34' title='bbox 832 1260 936 1320; x_wconf 78' lang='lat' dir='ltr'><strong>ordine</strong></span> <span class='ocrx_word' id='word_1_35' title='bbox 951 1264 1048 1340; x_wconf 84' lang='lat' dir='ltr'><strong>prims</strong></span> 
     </span>
     <span class='ocr_line' id='line_1_7' title="bbox 288 1357 1064 1444; baseline -0.006 -19"><span class='ocrx_word' id='word_1_36' title='bbox 288 1357 343 1425; x_wconf 85' lang='lat' dir='ltr'><strong>sed</strong></span> <span class='ocrx_word' id='word_1_37' title='bbox 355 1361 473 1436; x_wconf 76' lang='lat' dir='ltr'><strong>me&#39;riti3</strong></span> <span class='ocrx_word' id='word_1_38' title='bbox 496 1363 621 1442; x_wconf 84' lang='lat' dir='ltr'><strong>largitor</strong></span> <span class='ocrx_word' id='word_1_39' title='bbox 636 1385 743 1444; x_wconf 82' lang='lat' dir='ltr'><strong>opum,</strong></span> <span class='ocrx_word' id='word_1_40' title='bbox 765 1365 890 1442; x_wconf 79' lang='lat' dir='ltr'><strong>largitor</strong></span> <span class='ocrx_word' id='word_1_41' title='bbox 903 1359 1064 1440; x_wconf 84' lang='lat' dir='ltr'><strong>honorum,</strong></span> 
     </span>
     <span class='ocr_line' id='line_1_8' title="bbox 206 1465 1013 1546; baseline -0.004 -19"><span class='ocrx_word' id='word_1_42' title='bbox 206 1467 266 1534; x_wconf 78' lang='lat'><strong>135</strong></span> <span class='ocrx_word' id='word_1_43' title='bbox 288 1468 434 1527; x_wconf 69' lang='lat' dir='ltr'><strong>libertatis</strong></span> <span class='ocrx_word' id='word_1_44' title='bbox 450 1485 546 1545; x_wconf 84' lang='lat' dir='ltr'><strong>apex,</strong></span> <span class='ocrx_word' id='word_1_45' title='bbox 569 1465 677 1525; x_wconf 89' lang='lat' dir='ltr'><strong>muudi</strong></span> <span class='ocrx_word' id='word_1_46' title='bbox 690 1477 794 1546; x_wconf 87' lang='lat' dir='ltr'><strong>caput,</strong></span> <span class='ocrx_word' id='word_1_47' title='bbox 816 1467 905 1524; x_wconf 84' lang='lat' dir='ltr'><strong>unice</strong></span> <span class='ocrx_word' id='word_1_48' title='bbox 919 1468 1013 1524; x_wconf 86' lang='lat' dir='ltr'><strong>rirtus</strong></span> 
     </span>
     <span class='ocr_line' id='line_1_9' title="bbox 291 1551 1006 1648; baseline -0.008 -18"><span class='ocrx_word' id='word_1_49' title='bbox 291 1581 320 1630; x_wconf 87' lang='lat' dir='ltr'><strong>et</strong></span> <span class='ocrx_word' id='word_1_50' title='bbox 333 1587 434 1628; x_wconf 75' lang='lat' dir='ltr'><strong>renum</strong></span> <span class='ocrx_word' id='word_1_51' title='bbox 449 1551 722 1643; x_wconf 56' lang='lat' dir='ltr'><strong>manifestabimus,</strong></span> <span class='ocrx_word' id='word_1_52' title='bbox 744 1557 897 1648; x_wconf 78' lang='lat' dir='ltr'><strong>reparator</strong></span> <span class='ocrx_word' id='word_1_53' title='bbox 912 1569 1006 1646; x_wconf 86' lang='lat' dir='ltr'><strong>opimi</strong></span> 
     </span>
     <span class='ocr_line' id='line_1_10' title="bbox 287 1667 1087 1751; baseline -0.004 -20"><span class='ocrx_word' id='word_1_54' title='bbox 287 1673 432 1731; x_wconf 87' lang='lat' dir='ltr'><strong>nominis.</strong></span> <span class='ocrx_word' id='word_1_55' title='bbox 476 1671 607 1751; x_wconf 86' lang='lat' dir='ltr'><strong>antiquis</strong></span> <span class='ocrx_word' id='word_1_56' title='bbox 621 1667 747 1729; x_wconf 86' lang='lat' dir='ltr'><strong>redeunt</strong></span> <span class='ocrx_word' id='word_1_57' title='bbox 759 1689 837 1728; x_wconf 85' lang='lat' dir='ltr'><strong>nora</strong></span> <span class='ocrx_word' id='word_1_58' title='bbox 851 1671 969 1728; x_wconf 76' lang='lat' dir='ltr'><strong>saecula</strong></span> <span class='ocrx_word' id='word_1_59' title='bbox 986 1669 1087 1730; x_wconf 84' lang='lat' dir='ltr'><strong>fastis:</strong></span> 
     </span>
     <span class='ocr_line' id='line_1_11' title="bbox 288 1763 1062 1851; baseline -0.004 -18"><span class='ocrx_word' id='word_1_60' title='bbox 288 1773 418 1851; x_wconf 83' lang='lat' dir='ltr'><strong>Augusti</strong></span> <span class='ocrx_word' id='word_1_61' title='bbox 432 1773 564 1851; x_wconf 87' lang='lat' dir='ltr'><strong>primum</strong></span> <span class='ocrx_word' id='word_1_62' title='bbox 578 1774 728 1831; x_wconf 82' lang='lat' dir='ltr'><strong>renovasti</strong></span> <span class='ocrx_word' id='word_1_63' title='bbox 740 1774 875 1832; x_wconf 84' lang='lat' dir='ltr'><strong>Caesaris</strong></span> <span class='ocrx_word' id='word_1_64' title='bbox 888 1793 1008 1831; x_wconf 83' lang='lat' dir='ltr'><strong>aarum.</strong></span> <span class='ocrx_word' id='word_1_65' title='bbox 1059 1763 1062 1768; x_wconf 64' lang='grc'><strong>’</strong></span> 
     </span>
     <span class='ocr_line' id='line_1_12' title="bbox 290 1871 1103 1954; baseline -0.001 -20"><span class='ocrx_word' id='word_1_66' title='bbox 290 1877 400 1934; x_wconf 85' lang='lat' dir='ltr'><strong>clarius</strong></span> <span class='ocrx_word' id='word_1_67' title='bbox 414 1883 459 1933; x_wconf 85' lang='lat' dir='ltr'><strong>est</strong></span> <span class='ocrx_word' id='word_1_68' title='bbox 474 1875 643 1954; x_wconf 71' lang='lat' dir='ltr'><strong>meliusque</strong></span> <span class='ocrx_word' id='word_1_69' title='bbox 657 1885 760 1934; x_wconf 86' lang='lat' dir='ltr'><strong>tuum:</strong></span> <span class='ocrx_word' id='word_1_70' title='bbox 781 1885 834 1932; x_wconf 90' lang='lat' dir='ltr'><strong>tna</strong></span> <span class='ocrx_word' id='word_1_71' title='bbox 848 1871 959 1953; x_wconf 80' lang='lat' dir='ltr'><strong>gaudis</strong></span> <span class='ocrx_word' id='word_1_72' title='bbox 971 1885 1083 1933; x_wconf 85' lang='lat' dir='ltr'><strong>tecum.</strong></span> <span class='ocrx_word' id='word_1_73' title='bbox 1101 1899 1103 1906; x_wconf 94' lang='lat'>·</span> 
     </span>
     <span class='ocr_line' id='line_1_13' title="bbox 206 1975 975 2058; baseline -0.001 -24"><span class='ocrx_word' id='word_1_74' title='bbox 206 1976 267 2043; x_wconf 76' lang='grc'><strong>140</strong></span> <span class='ocrx_word' id='word_1_75' title='bbox 288 1975 358 2034; x_wconf 85' lang='lat' dir='ltr'><strong>lsinc</strong></span> <span class='ocrx_word' id='word_1_76' title='bbox 369 1985 467 2035; x_wconf 83' lang='lat' dir='ltr'><strong>vester</strong></span> <span class='ocrx_word' id='word_1_77' title='bbox 480 1979 597 2054; x_wconf 88' lang='lat' dir='ltr'><strong>primus</strong></span> <span class='ocrx_word' id='word_1_78' title='bbox 612 1977 739 2035; x_wconf 80' lang='lat' dir='ltr'><strong>feliciter</strong></span> <span class='ocrx_word' id='word_1_79' title='bbox 751 1978 855 2058; x_wconf 87' lang='lat' dir='ltr'><strong>incipit</strong></span> <span class='ocrx_word' id='word_1_80' title='bbox 868 1995 975 2052; x_wconf 86' lang='lat' dir='ltr'><strong>annus,</strong></span> 
     </span>
     <span class='ocr_line' id='line_1_14' title="bbox 287 2069 1141 2159; baseline -0.001 -21"><span class='ocrx_word' id='word_1_81' title='bbox 287 2088 418 2159; x_wconf 81' lang='lat' dir='ltr'><strong>votaque</strong></span> <span class='ocrx_word' id='word_1_82' title='bbox 429 2079 516 2158; x_wconf 86' lang='lat' dir='ltr'><strong>plura</strong></span> <span class='ocrx_word' id='word_1_83' title='bbox 531 2081 591 2137; x_wconf 88' lang='lat' dir='ltr'><strong>tuis</strong></span> <span class='ocrx_word' id='word_1_84' title='bbox 603 2079 733 2138; x_wconf 87' lang='lat' dir='ltr'><strong>celebret</strong></span> <span class='ocrx_word' id='word_1_85' title='bbox 748 2099 826 2139; x_wconf 85' lang='lat' dir='ltr'><strong>nora</strong></span> <span class='ocrx_word' id='word_1_86' title='bbox 838 2081 935 2138; x_wconf 85' lang='lat' dir='ltr'><strong>Roma</strong></span> <span class='ocrx_word' id='word_1_87' title='bbox 948 2069 1141 2159; x_wconf 86' lang='lat' dir='ltr'><strong>triumphis.”</strong></span> 
     </span>
     <span class='ocr_line' id='line_1_15' title="bbox 287 2179 953 2241; baseline -0.002 0"><span class='ocrx_word' id='word_1_88' title='bbox 287 2179 358 2241; x_wconf 86' lang='lat' dir='ltr'><strong>inde</strong></span> <span class='ocrx_word' id='word_1_89' title='bbox 372 2193 543 2240; x_wconf 85' lang='lat' dir='ltr'><strong>senatorum</strong></span> <span class='ocrx_word' id='word_1_90' title='bbox 559 2201 642 2240; x_wconf 84' lang='lat' dir='ltr'><strong>sacro</strong></span> <span class='ocrx_word' id='word_1_91' title='bbox 658 2184 820 2239; x_wconf 72' lang='lat' dir='ltr'><strong>recitantur</strong></span> <span class='ocrx_word' id='word_1_92' title='bbox 832 2182 870 2240; x_wconf 83' lang='lat' dir='ltr'><strong>ab</strong></span> <span class='ocrx_word' id='word_1_93' title='bbox 883 2179 953 2240; x_wconf 86' lang='lat' dir='ltr'><strong>albo</strong></span> 
     </span>
     <span class='ocr_line' id='line_1_16' title="bbox 284 2283 972 2364; baseline -0.003 -20"><span class='ocrx_word' id='word_1_94' title='bbox 284 2286 427 2358; x_wconf 85' lang='lat' dir='ltr'><strong>uomina,</strong></span> <span class='ocrx_word' id='word_1_95' title='bbox 449 2285 608 2362; x_wconf 74' lang='lat' dir='ltr'><strong>conscripti</strong></span> <span class='ocrx_word' id='word_1_96' title='bbox 618 2293 718 2361; x_wconf 87' lang='lat' dir='ltr'><strong>patres</strong></span> <span class='ocrx_word' id='word_1_97' title='bbox 731 2303 790 2364; x_wconf 89' lang='lat' dir='ltr'><strong>qna</strong></span> <span class='ocrx_word' id='word_1_98' title='bbox 803 2303 875 2343; x_wconf 83' lang='lat' dir='ltr'><strong>voce</strong></span> <span class='ocrx_word' id='word_1_99' title='bbox 889 2283 972 2342; x_wconf 87' lang='lat' dir='ltr'><strong>citati</strong></span> 
     </span>
     <span class='ocr_line' id='line_1_17' title="bbox 285 2381 1043 2466; baseline 0 -22"><span class='ocrx_word' id='word_1_100' title='bbox 285 2382 431 2444; x_wconf 85' lang='lat' dir='ltr'><strong>accedunt</strong></span> <span class='ocrx_word' id='word_1_101' title='bbox 446 2381 574 2458; x_wconf 83' lang='lat' dir='ltr'><strong>hilares,</strong></span> <span class='ocrx_word' id='word_1_102' title='bbox 598 2386 787 2466; x_wconf 71' lang='lat' dir='ltr'><strong>subeuntque</strong></span> <span class='ocrx_word' id='word_1_103' title='bbox 802 2387 948 2444; x_wconf 85' lang='lat' dir='ltr'><strong>altissima</strong></span> <span class='ocrx_word' id='word_1_104' title='bbox 961 2381 1043 2444; x_wconf 82' lang='lat' dir='ltr'><strong>sedis</strong></span> 
     </span>
     <span class='ocr_line' id='line_1_18' title="bbox 203 2484 1137 2567; baseline -0.007 -12"><span class='ocrx_word' id='word_1_105' title='bbox 203 2487 263 2554; x_wconf 80' lang='lat'><strong>145</strong></span> <span class='ocrx_word' id='word_1_106' title='bbox 285 2489 434 2562; x_wconf 87' lang='lat' dir='ltr'><strong>culmina,</strong></span> <span class='ocrx_word' id='word_1_107' title='bbox 456 2484 654 2567; x_wconf 86' lang='lat' dir='ltr'><strong>praetendunt</strong></span> <span class='ocrx_word' id='word_1_108' title='bbox 667 2487 803 2563; x_wconf 82' lang='lat' dir='ltr'><strong>dextras,</strong></span> <span class='ocrx_word' id='word_1_109' title='bbox 827 2499 856 2546; x_wconf 89' lang='lat' dir='ltr'><strong>et</strong></span> <span class='ocrx_word' id='word_1_110' title='bbox 868 2489 1001 2567; x_wconf 86' lang='lat' dir='ltr'><strong>proemia</strong></span> <span class='ocrx_word' id='word_1_111' title='bbox 1014 2499 1137 2548; x_wconf 86' lang='lat' dir='ltr'><strong>sumunt</strong></span> 
     </span>
     <span class='ocr_line' id='line_1_19' title="bbox 287 2587 1032 2672; baseline -0.001 -23"><span class='ocrx_word' id='word_1_112' title='bbox 287 2591 418 2649; x_wconf 87' lang='lat' dir='ltr'><strong>consulis</strong></span> <span class='ocrx_word' id='word_1_113' title='bbox 432 2600 462 2648; x_wconf 87' lang='lat' dir='ltr'><strong>et</strong></span> <span class='ocrx_word' id='word_1_114' title='bbox 476 2587 583 2648; x_wconf 85' lang='lat' dir='ltr'><strong>muudi</strong></span> <span class='ocrx_word' id='word_1_115' title='bbox 597 2587 726 2668; x_wconf 87' lang='lat' dir='ltr'><strong>domiui,</strong></span> <span class='ocrx_word' id='word_1_116' title='bbox 750 2591 896 2672; x_wconf 88' lang='lat' dir='ltr'><strong>donisque</strong></span> <span class='ocrx_word' id='word_1_117' title='bbox 911 2591 1032 2670; x_wconf 83' lang='lat' dir='ltr'><strong>superbi</strong></span> 
     </span>
     <span class='ocr_line' id='line_1_20' title="bbox 282 2692 1068 2771; baseline 0.003 -21"><span class='ocrx_word' id='word_1_118' title='bbox 282 2693 366 2751; x_wconf 80' lang='lat' dir='ltr'><strong>fulvo</strong></span> <span class='ocrx_word' id='word_1_119' title='bbox 379 2693 469 2771; x_wconf 89' lang='lat' dir='ltr'><strong>plena</strong></span> <span class='ocrx_word' id='word_1_120' title='bbox 481 2692 583 2750; x_wconf 82' lang='lat' dir='ltr'><strong>ferunt</strong></span> <span class='ocrx_word' id='word_1_121' title='bbox 596 2703 737 2771; x_wconf 81' lang='lat' dir='ltr'><strong>argentee</strong></span> <span class='ocrx_word' id='word_1_122' title='bbox 750 2713 821 2752; x_wconf 84' lang='lat' dir='ltr'><strong>rasa</strong></span> <span class='ocrx_word' id='word_1_123' title='bbox 836 2695 971 2752; x_wconf 88' lang='lat' dir='ltr'><strong>metallo.</strong></span> <span class='ocrx_word' id='word_1_124' title='bbox 1066 2719 1068 2724; x_wconf 96' lang='lat'>·</span> 
     </span>
     <span class='ocr_line' id='line_1_21' title="bbox 282 2774 960 2875; baseline 0.004 -25"><span class='ocrx_word' id='word_1_125' title='bbox 282 2795 383 2875; x_wconf 86' lang='lat' dir='ltr'><strong>qualia</strong></span> <span class='ocrx_word' id='word_1_126' title='bbox 396 2790 518 2852; x_wconf 87' lang='lat' dir='ltr'><strong>fecundi</strong></span> <span class='ocrx_word' id='word_1_127' title='bbox 531 2774 707 2854; x_wconf 69' lang='lat' dir='ltr'><strong>&#39;convectent</strong></span> <span class='ocrx_word' id='word_1_128' title='bbox 719 2815 845 2854; x_wconf 90' lang='lat' dir='ltr'><strong>munera</strong></span> <span class='ocrx_word' id='word_1_129' title='bbox 862 2797 960 2874; x_wconf 88' lang='lat' dir='ltr'><strong>campi</strong></span> 
     </span>
     <span class='ocr_line' id='line_1_22' title="bbox 284 2896 1094 2978; baseline -0.001 -23"><span class='ocrx_word' id='word_1_130' title='bbox 284 2897 446 2976; x_wconf 79' lang='lat' dir='ltr'><strong>agricolae,</strong></span> <span class='ocrx_word' id='word_1_131' title='bbox 467 2916 535 2955; x_wconf 82' lang='lat' dir='ltr'><strong>cunr</strong></span> <span class='ocrx_word' id='word_1_132' title='bbox 548 2909 633 2976; x_wconf 86' lang='lat' dir='ltr'><strong>prata</strong></span> <span class='ocrx_word' id='word_1_133' title='bbox 647 2900 761 2973; x_wconf 83' lang='lat' dir='ltr'><strong>virent,</strong></span> <span class='ocrx_word' id='word_1_134' title='bbox 783 2897 941 2978; x_wconf 75' lang='lat' dir='ltr'><strong>plenisque</strong></span> <span class='ocrx_word' id='word_1_135' title='bbox 957 2896 1094 2956; x_wconf 83' lang='lat' dir='ltr'><strong>canistris</strong></span> 
     </span>
     <span class='ocr_line' id='line_1_23' title="bbox 199 2997 1093 3080; baseline -0.001 -23"><span class='ocrx_word' id='word_1_136' title='bbox 199 2998 261 3064; x_wconf 83' lang='lat'><strong>150</strong></span> <span class='ocrx_word' id='word_1_137' title='bbox 282 2997 434 3058; x_wconf 65' lang='lat' dir='ltr'><strong>lilia&#39;caua</strong></span> <span class='ocrx_word' id='word_1_138' title='bbox 448 3000 565 3075; x_wconf 86' lang='lat' dir='ltr'><strong>ferunt,</strong></span> <span class='ocrx_word' id='word_1_139' title='bbox 587 2997 783 3080; x_wconf 88' lang='lat' dir='ltr'><strong>mediumque</strong></span> <span class='ocrx_word' id='word_1_140' title='bbox 798 3002 967 3058; x_wconf 84' lang='lat' dir='ltr'><strong>intermicet</strong></span> <span class='ocrx_word' id='word_1_141' title='bbox 986 3017 1093 3057; x_wconf 88' lang='lat' dir='ltr'><strong>aurum</strong></span> 
     </span>
     <span class='ocr_line' id='line_1_24' title="bbox 285 3100 1028 3182; baseline 0.001 -23"><span class='ocrx_word' id='word_1_142' title='bbox 285 3104 366 3161; x_wconf 86' lang='lat' dir='ltr'><strong>lloris</strong></span> <span class='ocrx_word' id='word_1_143' title='bbox 380 3100 538 3161; x_wconf 86' lang='lat' dir='ltr'><strong>odoriferi:</strong></span> <span class='ocrx_word' id='word_1_144' title='bbox 562 3101 726 3182; x_wconf 81' lang='lat' dir='ltr'><strong>primordie</strong></span> <span class='ocrx_word' id='word_1_145' title='bbox 740 3103 846 3160; x_wconf 85' lang='lat' dir='ltr'><strong>fertilis</strong></span> <span class='ocrx_word' id='word_1_146' title='bbox 861 3103 933 3160; x_wconf 85' lang='lat' dir='ltr'><strong>euni</strong></span> <span class='ocrx_word' id='word_1_147' title='bbox 1027 3125 1028 3128; x_wconf 43' lang='lat'>¹</span> 
     </span>
     <span class='ocr_line' id='line_1_25' title="bbox 282 3203 1157 3285; baseline 0 -25"><span class='ocrx_word' id='word_1_148' title='bbox 282 3204 360 3261; x_wconf 83' lang='lat' dir='ltr'><strong>ferre</strong></span> <span class='ocrx_word' id='word_1_149' title='bbox 379 3203 503 3262; x_wconf 87' lang='lat' dir='ltr'><strong>domum</strong></span> <span class='ocrx_word' id='word_1_150' title='bbox 515 3205 664 3284; x_wconf 77' lang='lat' dir='ltr'><strong>gendum,</strong></span> <span class='ocrx_word' id='word_1_151' title='bbox 685 3216 847 3285; x_wconf 87' lang='lat' dir='ltr'><strong>postesque</strong></span> <span class='ocrx_word' id='word_1_152' title='bbox 862 3213 892 3262; x_wconf 85' lang='lat' dir='ltr'><strong>et</strong></span> <span class='ocrx_word' id='word_1_153' title='bbox 904 3203 1010 3262; x_wconf 84' lang='lat' dir='ltr'><strong>lisnina</strong></span> <span class='ocrx_word' id='word_1_154' title='bbox 1026 3211 1157 3279; x_wconf 86' lang='lat' dir='ltr'><strong>comunt,</strong></span> 
     </span>
     <span class='ocr_line' id='line_1_26' title="bbox 282 3306 961 3386; baseline -0.001 -23"><span class='ocrx_word' id='word_1_155' title='bbox 282 3316 313 3363; x_wconf 90' lang='lat' dir='ltr'><strong>et</strong></span> <span class='ocrx_word' id='word_1_156' title='bbox 326 3325 380 3364; x_wconf 89' lang='lat' dir='ltr'><strong>sua</strong></span> <span class='ocrx_word' id='word_1_157' title='bbox 392 3307 547 3386; x_wconf 77' lang='lat' dir='ltr'><strong>placandis</strong></span> <span class='ocrx_word' id='word_1_158' title='bbox 556 3317 681 3368; x_wconf 87' lang='lat' dir='ltr'><strong>nectunt</strong></span> <span class='ocrx_word' id='word_1_159' title='bbox 694 3306 816 3366; x_wconf 89' lang='lat' dir='ltr'><strong>donaria</strong></span> <span class='ocrx_word' id='word_1_160' title='bbox 828 3307 961 3384; x_wconf 85' lang='lat' dir='ltr'><strong>templis.</strong></span> 
     </span>
     <span class='ocr_line' id='line_1_27' title="bbox 281 3409 956 3490; baseline -0.006 -22"><span class='ocrx_word' id='word_1_161' title='bbox 281 3418 353 3468; x_wconf 86' lang='lat' dir='ltr'><strong>tunc</strong></span> <span class='ocrx_word' id='word_1_162' title='bbox 366 3421 518 3469; x_wconf 78' lang='lat' dir='ltr'><strong>cestorum</strong></span> <span class='ocrx_word' id='word_1_163' title='bbox 530 3414 668 3490; x_wconf 84' lang='lat' dir='ltr'><strong>geminae</strong></span> <span class='ocrx_word' id='word_1_164' title='bbox 681 3409 822 3468; x_wconf 85' lang='lat' dir='ltr'><strong>facundia</strong></span> <span class='ocrx_word' id='word_1_165' title='bbox 834 3411 956 3486; x_wconf 84' lang='lat' dir='ltr'><strong>linguae</strong></span> 
     </span>
     <span class='ocr_line' id='line_1_28' title="bbox 201 3509 957 3590; baseline -0.001 -18"><span class='ocrx_word' id='word_1_166' title='bbox 201 3509 259 3576; x_wconf 86' lang='lat'><strong>155</strong></span> <span class='ocrx_word' id='word_1_167' title='bbox 282 3516 416 3590; x_wconf 84' lang='lat' dir='ltr'><strong>egregias</strong></span> <span class='ocrx_word' id='word_1_168' title='bbox 432 3517 539 3572; x_wconf 86' lang='lat' dir='ltr'><strong>cecinit</strong></span> <span class='ocrx_word' id='word_1_169' title='bbox 552 3515 693 3574; x_wconf 83' lang='lat' dir='ltr'><strong>sollemni</strong></span> <span class='ocrx_word' id='word_1_170' title='bbox 711 3532 835 3571; x_wconf 86' lang='lat' dir='ltr'><strong>munere</strong></span> <span class='ocrx_word' id='word_1_171' title='bbox 849 3509 957 3571; x_wconf 89' lang='lat' dir='ltr'><strong>laudes</strong></span> 
     </span>
     <span class='ocr_line' id='line_1_29' title="bbox 281 3609 982 3694; baseline -0.001 -22"><span class='ocrx_word' id='word_1_172' title='bbox 281 3617 411 3674; x_wconf 88' lang='lat' dir='ltr'><strong>consulis</strong></span> <span class='ocrx_word' id='word_1_173' title='bbox 423 3619 569 3694; x_wconf 83' lang='lat' dir='ltr'><strong>Augusti:</strong></span> <span class='ocrx_word' id='word_1_174' title='bbox 599 3614 698 3694; x_wconf 84' lang='lat' dir='ltr'><strong>dignis</strong></span> <span class='ocrx_word' id='word_1_175' title='bbox 713 3615 832 3675; x_wconf 84' lang='lat' dir='ltr'><strong>fortuna</strong></span> <span class='ocrx_word' id='word_1_176' title='bbox 847 3609 982 3673; x_wconf 82' lang='lat' dir='ltr'><strong>favorem</strong></span> 
     </span>
     <span class='ocr_line' id='line_1_30' title="bbox 279 3715 964 3798; baseline 0 -25"><span class='ocrx_word' id='word_1_177' title='bbox 279 3717 434 3795; x_wconf 86' lang='lat' dir='ltr'><strong>praebuit,</strong></span> <span class='ocrx_word' id='word_1_178' title='bbox 455 3729 484 3776; x_wconf 89' lang='lat' dir='ltr'><strong>et</strong></span> <span class='ocrx_word' id='word_1_179' title='bbox 496 3720 583 3777; x_wconf 85' lang='lat' dir='ltr'><strong>iustis</strong></span> <span class='ocrx_word' id='word_1_180' title='bbox 598 3721 740 3778; x_wconf 86' lang='lat' dir='ltr'><strong>successit</strong></span> <span class='ocrx_word' id='word_1_181' title='bbox 754 3721 850 3798; x_wconf 85' lang='lat' dir='ltr'><strong>gratia</strong></span> <span class='ocrx_word' id='word_1_182' title='bbox 866 3715 964 3775; x_wconf 84' lang='lat' dir='ltr'><strong>dictis.</strong></span> 
     </span>
     <span class='ocr_line' id='line_1_31' title="bbox 280 3801 990 3902; baseline 0.003 -25"><span class='ocrx_word' id='word_1_183' title='bbox 280 3840 298 3877; x_wconf 92' lang='lat' dir='ltr'><strong>o</strong></span> <span class='ocrx_word' id='word_1_184' title='bbox 312 3801 472 3894; x_wconf 81' lang='lat' dir='ltr'><strong>fortunati,</strong></span> <span class='ocrx_word' id='word_1_185' title='bbox 495 3821 604 3902; x_wconf 88' lang='lat' dir='ltr'><strong>quibus</strong></span> <span class='ocrx_word' id='word_1_186' title='bbox 621 3832 665 3880; x_wconf 88' lang='lat' dir='ltr'><strong>est</strong></span> <span class='ocrx_word' id='word_1_187' title='bbox 678 3841 719 3879; x_wconf 86' lang='lat' dir='ltr'><strong>ax</strong></span> <span class='ocrx_word' id='word_1_188' title='bbox 732 3821 821 3879; x_wconf 86' lang='lat' dir='ltr'><strong>rebus</strong></span> <span class='ocrx_word' id='word_1_189' title='bbox 834 3818 990 3879; x_wconf 79' lang='lat' dir='ltr'><strong>abundans</strong></span> 
     </span>
     <span class='ocr_line' id='line_1_32' title="bbox 278 3921 1040 4004; baseline 0.001 -26"><span class='ocrx_word' id='word_1_190' title='bbox 278 3921 404 3980; x_wconf 85' lang='lat' dir='ltr'><strong>laudum</strong></span> <span class='ocrx_word' id='word_1_191' title='bbox 418 3921 574 3982; x_wconf 83' lang='lat' dir='ltr'><strong>materies!</strong></span> <span class='ocrx_word' id='word_1_192' title='bbox 599 3921 672 4004; x_wconf 91' lang='lat' dir='ltr'><strong>quid</strong></span> <span class='ocrx_word' id='word_1_193' title='bbox 687 3944 748 3982; x_wconf 85' lang='lat' dir='ltr'><strong>non</strong></span> <span class='ocrx_word' id='word_1_194' title='bbox 759 3921 912 3982; x_wconf 88' lang='lat' dir='ltr'><strong>laudabile</strong></span> <span class='ocrx_word' id='word_1_195' title='bbox 926 3921 1040 3997; x_wconf 80' lang='lat' dir='ltr'><strong>dicuin,</strong></span> 
     </span>
     <span class='ocr_line' id='line_1_33' title="bbox 195 4023 1032 4105; baseline -0.002 -19"><span class='ocrx_word' id='word_1_196' title='bbox 195 4026 256 4088; x_wconf 86' lang='lat'><strong>160</strong></span> <span class='ocrx_word' id='word_1_197' title='bbox 278 4027 329 4104; x_wconf 87' lang='lat' dir='ltr'><strong>qui</strong></span> <span class='ocrx_word' id='word_1_198' title='bbox 343 4028 455 4100; x_wconf 82' lang='lat' dir='ltr'><strong>vitam,</strong></span> <span class='ocrx_word' id='word_1_199' title='bbox 477 4027 553 4085; x_wconf 85' lang='lat' dir='ltr'><strong>tanti</strong></span> <span class='ocrx_word' id='word_1_200' title='bbox 568 4028 621 4104; x_wconf 90' lang='lat' dir='ltr'><strong>qui</strong></span> <span class='ocrx_word' id='word_1_201' title='bbox 634 4028 777 4105; x_wconf 89' lang='lat' dir='ltr'><strong>principis</strong></span> <span class='ocrx_word' id='word_1_202' title='bbox 789 4037 854 4085; x_wconf 83' lang='lat' dir='ltr'><strong>aeta</strong></span> <span class='ocrx_word' id='word_1_203' title='bbox 868 4023 1032 4104; x_wconf 82' lang='lat' dir='ltr'><strong>reponunt!</strong></span> 
     </span>
     <span class='ocr_line' id='line_1_34' title="bbox 277 4125 1212 4207; baseline 0.003 -23"><span class='ocrx_word' id='word_1_204' title='bbox 277 4129 345 4207; x_wconf 89' lang='lat' dir='ltr'><strong>quis</strong></span> <span class='ocrx_word' id='word_1_205' title='bbox 360 4128 419 4185; x_wconf 83' lang='lat' dir='ltr'><strong>tuit</strong></span> <span class='ocrx_word' id='word_1_206' title='bbox 433 4129 485 4185; x_wconf 89' lang='lat' dir='ltr'><strong>ille</strong></span> <span class='ocrx_word' id='word_1_207' title='bbox 499 4125 621 4206; x_wconf 79' lang='lat' dir='ltr'><strong>fragori</strong></span> <span class='ocrx_word' id='word_1_208' title='bbox 643 4139 744 4188; x_wconf 87' lang='lat' dir='ltr'><strong>tantus</strong></span> <span class='ocrx_word' id='word_1_209' title='bbox 758 4130 844 4187; x_wconf 80' lang='lat' dir='ltr'><strong>saror</strong></span> <span class='ocrx_word' id='word_1_210' title='bbox 861 4127 942 4187; x_wconf 88' lang='lat' dir='ltr'><strong>unde</strong></span> <span class='ocrx_word' id='word_1_211' title='bbox 955 4141 1098 4207; x_wconf 86' lang='lat' dir='ltr'><strong>repertus,</strong></span> <span class='ocrx_word' id='word_1_212' title='bbox 1210 4169 1212 4178; x_wconf 72' lang='lat'>‚</span> 
     </span>
     <span class='ocr_line' id='line_1_35' title="bbox 277 4227 1027 4310; baseline 0 -22"><span class='ocrx_word' id='word_1_213' title='bbox 277 4241 322 4288; x_wconf 91' lang='lat' dir='ltr'><strong>tot</strong></span> <span class='ocrx_word' id='word_1_214' title='bbox 338 4228 528 4289; x_wconf 85' lang='lat' dir='ltr'><strong>laudatorum</strong></span> <span class='ocrx_word' id='word_1_215' title='bbox 542 4227 707 4290; x_wconf 67' lang='lat' dir='ltr'><strong>numerus?</strong></span> <span class='ocrx_word' id='word_1_216' title='bbox 730 4229 840 4310; x_wconf 85' lang='lat' dir='ltr'><strong>quibus</strong></span> <span class='ocrx_word' id='word_1_217' title='bbox 855 4229 968 4287; x_wconf 90' lang='lat' dir='ltr'><strong>artibus</strong></span> <span class='ocrx_word' id='word_1_218' title='bbox 981 4232 1027 4288; x_wconf 88' lang='lat' dir='ltr'><strong>usi</strong></span> 
     </span>
     <span class='ocr_line' id='line_1_36' title="bbox 276 4330 982 4414; baseline -0.001 -23"><span class='ocrx_word' id='word_1_219' title='bbox 276 4343 306 4391; x_wconf 86' lang='lat' dir='ltr'><strong>et</strong></span> <span class='ocrx_word' id='word_1_220' title='bbox 321 4333 429 4413; x_wconf 84' lang='lat' dir='ltr'><strong>quibus</strong></span> <span class='ocrx_word' id='word_1_221' title='bbox 441 4330 596 4411; x_wconf 81' lang='lat' dir='ltr'><strong>ingeniisl</strong></span> <span class='ocrx_word' id='word_1_222' title='bbox 624 4344 737 4414; x_wconf 74' lang='lat' dir='ltr'><strong>(quanto</strong></span> <span class='ocrx_word' id='word_1_223' title='bbox 752 4333 909 4391; x_wconf 74' lang='lat' dir='ltr'><strong>conmnine</strong></span> <span class='ocrx_word' id='word_1_224' title='bbox 924 4334 982 4390; x_wconf 86' lang='lat' dir='ltr'><strong>nisi</strong></span> 
     </span>
     <span class='ocr_line' id='line_1_37' title="bbox 276 4431 1191 4516; baseline -0.001 -23"><span class='ocrx_word' id='word_1_225' title='bbox 276 4446 347 4493; x_wconf 91' lang='lat' dir='ltr'><strong>tunc</strong></span> <span class='ocrx_word' id='word_1_226' title='bbox 361 4433 494 4514; x_wconf 80' lang='lat' dir='ltr'><strong>phaleris</strong></span> <span class='ocrx_word' id='word_1_227' title='bbox 507 4434 648 4516; x_wconf 85' lang='lat' dir='ltr'><strong>phaleras</strong></span> <span class='ocrx_word' id='word_1_228' title='bbox 662 4445 691 4491; x_wconf 90' lang='lat' dir='ltr'><strong>et</strong></span> <span class='ocrx_word' id='word_1_229' title='bbox 707 4432 848 4492; x_wconf 87' lang='lat' dir='ltr'><strong>laudibus</strong></span> <span class='ocrx_word' id='word_1_230' title='bbox 861 4431 976 4492; x_wconf 62' lang='lat' dir='ltr'><strong>addere,</strong></span> <span class='ocrx_word' id='word_1_231' title='bbox 985 4433 1115 4495; x_wconf 80' lang='lat' dir='ltr'><strong>laudas&#39;l</strong></span> <span class='ocrx_word' id='word_1_232' title='bbox 1190 4471 1191 4476; x_wconf 24' lang='grc' dir='ltr'><strong>κ</strong></span> 
     </span>
     <span class='ocr_line' id='line_1_38' title="bbox 195 4536 980 4618; baseline -0.005 -18"><span class='ocrx_word' id='word_1_233' title='bbox 195 4539 254 4604; x_wconf 81' lang='grc'><strong>165</strong></span> <span class='ocrx_word' id='word_1_234' title='bbox 276 4559 336 4598; x_wconf 91' lang='lat' dir='ltr'><strong>non</strong></span> <span class='ocrx_word' id='word_1_235' title='bbox 351 4549 475 4618; x_wconf 86' lang='lat' dir='ltr'><strong>potuere</strong></span> <span class='ocrx_word' id='word_1_236' title='bbox 488 4549 589 4597; x_wconf 89' lang='lat' dir='ltr'><strong>tamen</strong></span> <span class='ocrx_word' id='word_1_237' title='bbox 601 4545 722 4596; x_wconf 86' lang='lat' dir='ltr'><strong>sunctae</strong></span> <span class='ocrx_word' id='word_1_238' title='bbox 739 4536 883 4594; x_wconf 87' lang='lat' dir='ltr'><strong>miracula</strong></span> <span class='ocrx_word' id='word_1_239' title='bbox 901 4540 980 4596; x_wconf 81' lang='lat' dir='ltr'><strong>vitae</strong></span> 
     </span>
     <span class='ocr_line' id='line_1_39' title="bbox 277 4635 944 4702; baseline -0.004 0"><span class='ocrx_word' id='word_1_240' title='bbox 277 4641 432 4702; x_wconf 84' lang='lat' dir='ltr'><strong>ordinibus</strong></span> <span class='ocrx_word' id='word_1_241' title='bbox 445 4659 603 4700; x_wconf 85' lang='lat' dir='ltr'><strong>numerare</strong></span> <span class='ocrx_word' id='word_1_242' title='bbox 616 4642 696 4700; x_wconf 81' lang='lat' dir='ltr'><strong>suis:</strong></span> <span class='ocrx_word' id='word_1_243' title='bbox 719 4635 819 4698; x_wconf 78' lang='lat' dir='ltr'><strong>diviua</strong></span> <span class='ocrx_word' id='word_1_244' title='bbox 835 4639 944 4701; x_wconf 78' lang='lat' dir='ltr'><strong>referre</strong></span> 
     </span>
    </p>
   </div>
   <div class='ocr_carea' id='block_1_3' title="bbox 0 0 1412 5160">
    <p class='ocr_par' dir='ltr' id='par_1_3' title="bbox 0 0 1412 5160">
     <span class='ocr_line' id='line_1_40' title="bbox 0 0 1412 5160; baseline 0 3"><span class='ocrx_word' id='word_1_245' title='bbox 0 0 1412 5160; x_wconf 95' lang='lat' dir='ltr'><strong> </strong></span> 
     </span>
    </p>
   </div>
  </div>
 </body>
</html>
