2834 5138
252 679 325 753 186
554 679 723 752 CORIPPI
745 686 803 754 DE
828 687 1034 756 nsnnlnns

331 848 393 905 iem
405 850 498 908 serris
513 869 650 910 succurre
663 852 733 910 tuis.
774 871 831 911 nos
843 863 944 914 nostra
959 855 1073 916 iubenti

247 952 311 1015 370
332 947 513 1010 credidimus
529 949 662 1010 domino.
705 953 791 1011 robis
807 957 874 1034 quis
888 967 985 1015 restra
1000 968 1134 1035 negaret,
1168 1005 1170 1014 i

331 1071 400 1132 cnm
411 1063 542 1112 vestrum
554 1065 598 1111 est
609 1051 691 1134 quod
700 1053 830 1114 mundus
838 1054 951 1116 hahet‘l
966 1060 1035 1134 scir,
1049 1078 1167 1120 summe
1175 1071 1349 1139 regentum,

328 1155 450 1233 publiea
462 1153 535 1235 quid
552 1166 647 1214 restro
661 1157 775 1234 prosint
789 1161 966 1218 commercia
981 1161 1063 1219 fisco.

330 1255 410 1314 unde
424 1255 534 1318 tribute
548 1256 608 1314 tuis
621 1255 782 1316 succedent
796 1278 895 1318 attrrne
911 1261 1009 1334 rebus,

330 1357 447 1417 deficiet
464 1359 605 1418 sinestra
620 1355 752 1418 musm‘t
795 1358 850 1416 tibi
866 1363 975 1420 militat
990 1381 1078 1420 onnus

244 1458 306 1524 875
328 1457 410 1540 qnod
424 1461 572 1546 gerimus:
593 1478 664 1531 nos,
687 1478 764 1540 qnae
778 1468 830 1516 tua
845 1472 929 1535 snut,
951 1464 1067 1540 privata
1084 1483 1237 1525 vocamus.

326 1563 381 1620 vix
395 1563 482 1620 nobis
497 1563 576 1619 vitae
592 1570 727 1618 constant
743 1561 885 1620 slirnentc
901 1561 1024 1624 diurnae

327 1663 461 1738 efflictis,
484 1683 561 1743 qnae
575 1664 665 1742 longa
680 1660 744 1722 dies
755 1663 909 1742 ,longoque
923 1665 1025 1724 labore

326 1785 390 1824 sors
407 1769 537 1845 quaerit,
553 1769 727 1845 'porrosque
743 1764 824 1822 cibos
839 1765 894 1824 sub
909 1777 996 1824 nocte
1012 1763 1165 1848 reponit.”

326 1867 397 1924 flere
412 1865 464 1924 diu
475 1877 575 1926 tantos
587 1869 718 1926 lacrimis
731 1885 792 1924 non
806 1885 911 1944 passus
925 1869 1039 1928 acerbis

241 1969 304 2032 360
325 1965 476 2027 condoluit
488 1972 651 2043 miserm,
675 1979 705 2028 et
718 1989 750 2028 se
763 1971 873 2046 pietate
888 1970 1006 2048 subegit

323 2070 441 2148 legibus
458 2073 536 2130 ultro
550 2075 622 2130 suis.
661 2062 780 2128 “aliena
794 2049 944 2150 pecunia''
965 2069 1044 2134 dixit

318 2165 492 2231 “reddenda
508 2183 574 2248 est,
594 2175 679 2230 virus
694 2177 771 2252 patri
785 2175 836 2252 qui
850 2174 982 2236 substitit
994 2169 1117 2236 heres.”

321 2272 477 2334 thesauros
489 2273 557 2333 fidis
571 2277 701 2353 privatos
716 2275 793 2336 ferre
806 2274 951 2336 ministri!

318 2380 456 2458 imperat.
498 2379 673 2444 innumerae
688 2395 762 2436 mox
774 2373 921 2434 advenere
935 2387 1070 2436 catervae
1144 2419 1152 2442 2

234 2479 297 2546 885
317 2481 405 2538 fortio
420 2481 552 2537 centenis
565 2489 703 2542 oneratae
717 2475 839 2540 brachia
852 2479 948 2536 libris.

319 2580 485 2660 deposuere
496 2579 645 2654 humeris3
668 2590 783 2652 turmae
797 2581 1001 2658 glomerantur
1013 2579 1045 2640 in
1059 2599 1163 2659 unum,

316 2693 346 2740 et
360 2693 439 2742 totns
451 2683 518 2742 fuso
533 2685 626 2742 circus
636 2677 825 2761 ¹resplenduit
837 2701 920 2742 auro.

315 2797 385 2846 tnnc
398 2787 495 2865 posito
510 2786 624 2844 ratione
639 2785 757 2862 palam,
777 2784 950 2864 populoque
965 2781 1097 2861 ridente,

314 2883 414 2945 debita
427 2888 571 2966 persolvit
585 2888 745 2964 genitoris,
768 2895 854 2944 cauta
867 2885 990 2963 recepit.

228 2991 291 3053 390
312 2987 421 3067 garrdia
435 2989 636 3069 quaerentia,
658 2998 786 3067 quantus
801 2983 900 3048 feror!
924 2984 1057 3066 undique
1071 2987 1168 3046 iaetus

312 3093 428 3152 tollitur
443 3093 475 3147 in
493 3091 609 3149 caelum
622 3091 802 3169 populorum
817 3090 931 3148 clamor
943 3097 1098 3150 ovantum.

311 3196 458 3252 mirentur
472 3211 623 3271 proceres,
645 3194 791 3250 mirantur
805 3191 876 3248 talin
887 3191 1001 3268 plebes.

310 3295 383 3354 hinc
396 3297 478 3356 uuili
491 3297 592 3370 lucent
605 3291 714 3353 chartis
728 3292 900 3352 ardentibus
912 3292 1010 3368 ignes,

311 3394 382 3456 hinc
395 3395 490 3456 radiat
503 3397 621 3456 fulvum
635 3407 807 3456 concertans
820 3394 940 3474 ignibus
954 3412 1071 3451 aurum.

227 3499 289 3564 895
311 3497 382 3556 hinc
396 3497 513 3559 chartas
527 3501 655 3560 fluminis
671 3500 826 3578 subigunt,
848 3495 919 3556 hinc
932 3493 1065 3575 pondere
1078 3496 1162 3556 fusos

310 3611 481 3680 exaequent
493 3599 623 3675 solidos,
646 3612 676 3660 et
687 3602 805 3662 lancem
819 3601 928 3679 pollice
944 3601 1076 3677 pulsant.

307 3710 379 3760 tnnc
393 3702 507 3761 sinibus
524 3703 623 3782 plenis
635 3703 762 3777 abeunt,
785 3712 969 3783 quaestuque
981 3703 1128 3777 laborent,

307 3805 453 3884 elatisque
468 3805 562 3864 oculis
575 3825 629 3884 pro
647 3807 707 3864 rita
721 3805 863 3882 principis
880 3814 976 3865 orant.

304 3907 415 3984 largior
427 3909 565 3965 inventus
582 3918 667 3986 pater
680 3915 743 3981 est,
765 3907 941 3966 clementior
952 3905 1046 3982 idern,

218 4006 280 4073 400
301 4010 353 4086 qni
368 4011 476 4066 virtute
493 4012 586 4070 anirni
597 4020 731 4072 mentem
744 4009 869 4068 calcavit
880 4006 1024 4084 habendi,

301 4108 421 4187 publica
433 4113 548 4188 privato
564 4132 632 4172 cum
645 4111 744 4170 debite
760 4109 897 4172 redderet
915 4129 986 4170 auru

300 4220 405 4288 sponte
421 4231 494 4286 suu,
519 4211 658 4274 domiuus
674 4216 767 4272 servis
781 4215 938 4274 miseratus
957 4217 1071 4290 egenis.

299 4315 466 4391 priscorum
481 4310 537 4371 hoc
552 4334 610 4373 nnc
625 4316 695 4376 uicit
710 4335 805 4374 novus
820 4317 919 4396 omnin
934 4315 1013 4374 i'acto

300 4415 378 4470 lacta
394 4416 461 4492 pins
474 4418 623 4495 princeps.
667 4419 805 4496 quurnris
820 4417 945 4494 meliore
959 4428 1132 4496 sequantur,

216 4512 277 4580 405
299 4511 357 4572 hoo
367 4519 498 4593 primum
513 4529 614 4576 tamen
630 4537 718 4576 omen
733 4529 812 4592 erat,
836 4517 916 4599 quod
932 4519 1034 4578 nullus
1047 4538 1173 4580 ntorum

299 4619 450 4701 Augustus
466 4639 601 4704 unquam
616 4619 723 4682 cecinit
736 4619 840 4682 fecisse
857 4622 981 4700 priores.

779 4755 789 4784 ἱ
