2834 5138
545 105 704 176 lUSTINI
727 107 906 177 issuouis
933 112 1012 180 ΠΒ.
1038 113 1095 182 m
1294 115 1366 184 187

394 277 471 334 ilinc
486 273 568 334 aliud
583 275 702 356 pietatis
717 291 792 354 opas
805 283 869 333 lam
886 275 998 354 grande
1014 287 1148 338 escarium
1162 287 1218 339 esi.

349 397 404 458 pro
420 381 526 436 vinciis
540 379 643 436 flentes
659 388 770 455 nuptae
786 395 894 435 venere
908 381 1032 452 maritis,

349 490 460 538 matres
472 499 526 558 pro
540 479 659 555 genitis.
702 481 796 537 nescit
810 499 927 537 serrare
941 479 1087 560 pudorem

256 585 326 649 410
349 584 437 641 rebus
454 585 486 640 in
505 581 623 638 afflictis
637 581 742 658 ingena
760 576 855 640 dolor.
898 584 1058 640 immemor
1069 583 1142 664 ibai,

349 686 435 742 turba
451 683 498 742 sui
512 698 622 754 sexus,
645 680 726 740 cultu
741 682 919 740 miserabilis
934 685 1011 762 ipsc,

349 807 403 868 per
416 783 532 844 medica
547 783 684 861 populos.
727 795 887 863 postquam
901 803 1008 844 venere
1022 787 1184 848 verendam

345 891 480 946 Caesaris
495 897 563 944 anie
577 903 694 960 caram,
718 895 840 944 cunctae
856 905 910 944 sua
925 897 1045 966 pectora
1059 889 1151 948 dume

346 989 469 1047 illidunt
484 1001 590 1047 terrae.
628 979 716 1066 “pius
733 1005 781 1059 es,
800 999 885 1066 potes
902 983 1026 1047 omuia''
1047 993 1193 1050 clamant:

255 1093 323 1160 415
342 1083 452 1149 “cerne
463 1095 528 1171 pias
544 1089 698 1162 lacrimas,
720 1091 897 1146 miserorum
911 1093 1029 1150 vincula
1046 1095 1138 1153 solve.

346 1195 490 1252 matribus
504 1191 552 1250 his
565 1203 669 1264 natos,
691 1187 739 1249 his
752 1192 853 1270 auplis
867 1189 958 1250 redde
971 1197 1104 1270 maritos.

348 1295 485 1354 omuibus
500 1291 573 1352 lraec
589 1295 627 1351 sit
642 1293 720 1350 laria
737 1291 817 1350 dies:
843 1303 894 1350 tua
908 1295 1017 1372 gaudia
1033 1300 1170 1379 princeps

345 1398 446 1456 nullus
460 1407 527 1475 agai
540 1397 642 1452 tristis.
687 1404 860 1451 carnotorum
875 1397 997 1454 crimina
1013 1397 1090 1472 dele,

346 1497 474 1578 gaudeat
492 1509 524 1555 ut
540 1499 635 1554 laeuis
649 1496 715 1553 miti
729 1505 759 1552 te
774 1497 907 1575 principe
922 1496 1086 1558 mmrdus.”

254 1601 322 1668 420
343 1599 399 1659 has
412 1603 480 1680 pius
495 1600 612 1678 aspexit
625 1599 779 1670 lacrimas,
799 1599 998 1680 precibusque
1013 1599 1167 1664 dolentum

240 1773 243 1786 Ι
345 1703 467 1776 annuit,
489 1711 519 1758 et
533 1701 610 1758 solvi
624 1707 745 1757 cunctos
760 1717 777 1756 a
792 1701 914 1758 crimine
927 1702 1013 1762 iussit

295 1787 296 1790 Ἴ
343 1825 426 1864 more
443 1801 502 1861 dei.
546 1799 619 1860 deus
635 1811 680 1860 est
695 1803 742 1858 cni
756 1802 847 1862 verbo
864 1808 1005 1882 comperit
1022 1825 1083 1866 uno

341 1907 500 1966 iustificare
518 1905 614 1961 malos
630 1901 790 1983 mediaque
807 1921 824 1960 a
841 1917 936 1964 morte
952 1907 1061 1970 levare.

337 2005 452 2064 -eredite
468 2007 659 2085 simpliciter:
682 2023 743 2062 vox
757 2002 832 2063 haec
844 2013 1002 2067 temeraria
1020 2031 1079 2069 uon
1098 2023 1152 2072 est.

252 2105 320 2173 425
341 2111 394 2187 qui
407 2107 479 2165 facit
494 2105 566 2183 hoc,
589 2105 737 2165 deusest:
760 2105 833 2166 deus
851 2113 939 2167 estin
958 2113 1046 2172 corda
1064 2113 1244 2194 regeninms

340 2212 524 2289 principibus
539 2211 678 2290 princeps
695 2207 836 2289 quicquid
853 2207 926 2268 deus
942 2213 1084 2290 imperat,
1108 2213 1164 2274 lmc
1182 2229 1235 2276 esi.

341 2323 487 2370 terrarum
502 2311 622 2370 domino
638 2309 773 2369 Christus
785 2308 868 2370 dedit
881 2315 981 2371 omnia
995 2323 1101 2392 p'csse:
1233 2325 1235 2328 '

340 2414 393 2472 ille
410 2423 454 2472 est
467 2415 677 2493 omnipotens,
693 2411 743 2470 hic
757 2415 968 2492 omnipotentis
982 2419 1093 2495 imago.
1201 2445 1202 2448 ¹

340 2517 470 2596 plurima
482 2527 634 2594 praeterea
646 2515 774 2574 solemni
785 2533 909 2573 inuuere
923 2517 1047 2594 donans,

250 2615 318 2685 480
339 2617 471 2678 dimissis
485 2619 604 2698 populis
613 2661 622 2694 ,
644 2634 744 2676 arcem
759 2618 903 2675 remeavit
917 2621 950 2678 in
966 2621 1069 2680 alsam.

479 3003 712 3092 LIBER
770 3003 1123 3094 TERTIUS.

338 3185 486 3305 Contigit
499 3236 533 3285 ut
545 3229 684 3308 princeps
698 3231 826 3308 Augusti
840 3229 945 3287 limina
959 3229 1040 3302 secli,
1075 3263 1076 3266 =

335 3347 507 3410 quanquam
519 3331 595 3389 fessa
610 3329 674 3389 dies
687 3341 805 3390 sextam
818 3342 1040 3412 consumpserat
1054 3329 1168 3408 horarn,

335 3451 396 3489 uon
411 3429 513 3491 dulces
531 3433 649 3512 epulas,
669 3453 731 3492 non
744 3435 852 3513 pocula
866 3444 948 3510 grata
962 3435 1078 3511 petivit,

333 3535 367 3590 ni
379 3535 472 3612 patris
484 3537 615 3614 primum
627 3546 763 3594 sendum
778 3545 808 3593 et
819 3535 988 3594 verrerabile
1001 3555 1107 3613 corpus

290 3633 313 3699 6
334 3645 472 3692 ornatum
485 3639 637 3716 exsequiis
651 3637 766 3696 tumulo
783 3636 939 3695 mandaret
953 3638 1071 3715 opimis.

196 3725 199 3730 ’
319 3731 404 3794 'ante
418 3736 497 3793 fores
512 3739 574 3794 iam
597 3736 714 3817 [melia]
737 3740 813 3813 ruit,
834 3739 1007 3817 passimque
1020 3757 1075 3816 per
1087 3739 1187 3797 aulam

331 3837 494 3915 porticibus
510 3839 608 3916 longis
624 3839 721 3898 stabat
737 3859 804 3897 crun
817 3839 906 3918 plebe
919 3849 1050 3913 senatus,
1159 3871 1163 3880 ·

331 3937 456 3998 interius
470 3939 573 3998 flentes
586 3941 703 3998 famuli.
746 3959 817 3999 vasa
832 3959 920 3999 aurea
934 3942 1029 4014 mille,

329 4039 415 4098 mille
430 4041 638 4099 columnarum
650 4043 780 4122 species,
802 4052 940 4120 argentea
957 4043 1051 4119 mille,
1089 4079 1091 4084 -
