2834 5138
230 649 301 724 172
534 653 703 722 coatrn
727 653 785 722 un
809 617 1016 727 cannuca

307 818 446 898 ,cinxerat
464 828 553 901 atque
567 823 658 880 anuis
671 830 766 880 totam
780 823 956 886 caelestibus
974 823 1097 888 anlam‘l

310 926 411 980 clunia
426 922 606 1002 disponens,
628 929 758 984 munivit
771 926 913 1006 providus
928 936 1030 988 amem

310 1023 467 1099 Tiberine,
490 1025 605 1086 dousini
616 1047 736 1106 semper
748 1033 797 1087 cui
813 1033 946 1090 maxima
965 1051 1035 1090 carra

308 1127 446 1185 utilitatis
461 1138 542 1187 erat:
565 1147 697 1209 namque
712 1132 800 1190 illurn
814 1135 967 1192 maximus
983 1133 1063 1192 oritis

224 1225 286 1290 215
308 1231 476 1288 communis
492 1231 663 1290 benefactor
675 1233 760 1292 alens
773 1243 803 1290 et
818 1235 855 1292 ab
870 1235 960 1293 ubere
972 1239 1077 1294 matris

309 1332 475 1409 suscipient
488 1335 593 1412 primis
608 1351 736 1414 puennn
753 1337 899 1415 praelegit
914 1335 1060 1412 chunnis,

308 1441 401 1512 utque
412 1443 498 1513 pater
509 1439 645 1514 genitum
658 1440 802 1513 nutrivit,
824 1439 917 1514 fovit,
939 1445 1062 1514 amarit,

307 1535 514 1618 paulatimque
530 1541 627 1600 ritum
640 1559 757 1600 summa
770 1543 802 1599 iu
818 1543 938 1619 fastigia
953 1539 1052 1600 duxit.

311 1632 382 1694 hinc
398 1641 489 1696 etiam
502 1641 620 1700 iuvenis
631 1650 694 1700 tcta
707 1645 816 1702 rirtme
828 1645 968 1702 laborans

225 1737 289 1801 220
309 1757 363 1816 pro
376 1760 477 1800 rernm
490 1738 620 1801 dominis
637 1747 769 1804 animam
783 1749 937 1828 vitamque
949 1745 1068 1825 periclis

310 1859 371 1900 non
386 1839 502 1902 dubitat
515 1847 657 1924 praebere
671 1865 772 1922 suam,
799 1851 979 1930 vigilatque,
1001 1847 1156 1926 fidemque

309 1939 448 2020 exhibet,
471 1957 501 2005 et
514 1967 667 2008 summum
679 1954 790 2010 meruit
806 1949 987 2012 dominantis
1003 1969 1151 2008 amorem.

308 2039 358 2102 hic
373 2046 451 2108 bene
467 2054 597 2132 suscepti
613 2051 778 2132 primordia
788 2073 930 2134 prospera
945 2055 1031 2131 regui

308 2145 434 2210 discrete
449 2155 563 2212 ratione
581 2173 690 2213 vocans
703 2175 880 2235 properare,
900 2155 1004 2215 fideles

222 2247 285 2314 225
306 2253 433 2330 urgebat
449 2256 579 2316 famulos
592 2269 622 2316 et
635 2268 740 2316 cuncta
754 2277 858 2336 parare
874 2247 1007 2318 iubebat.

351 2357 464 2415 Aurata
478 2359 592 2416 interea
606 2379 714 2438 corpus
727 2361 857 2418 sublime
871 2362 980 2420 iareim

306 2455 499 2536 inmanium,
522 2461 609 2520 tnrba
624 2463 808 2522 famulorum
823 2465 930 2537 flente,
950 2463 1085 2544 iacebat3

307 2570 338 2620 et
352 2563 476 2622 lleutunr
490 2566 623 2624 lacrimis
633 2567 728 2623 iustus
741 2563 827 2624 dolor
839 2584 890 2624 cra
903 2567 1028 2644 rigabat.

305 2665 394 2724 arbor
407 2668 450 2724 uti
464 2665 589 2742 mediis,
612 2667 717 2725 aribus
732 2669 916 2746 gratissima,
937 2667 1050 2747 campis
1083 2677 1084 2686 ¹

220 2769 284 2832 280
305 2771 392 2828 annis
406 2771 484 2827 victa
499 2767 609 2828 cadens
625 2773 783 2850 antiquum
797 2771 887 2829 robur
900 2773 1003 2850 opacis
1125 2749 1128 2756 Ι

303 2882 402 2930 serrat
414 2869 513 2930 adhuc
525 2872 621 2948 foliis,
646 2882 675 2930 et
689 2881 812 2950 corpore
827 2871 894 2930 insa
907 2875 1014 2950 supino

304 2972 447 3052 languida
463 2995 518 3054 per
534 2975 610 3033 latas
627 2971 910 3054 expandit'braclria
922 2985 1034 3034 terras:

305 3087 336 3134 at
351 3079 464 3136 circum
476 3079 619 3157 quenulae
631 3077 816 3156 volitantque
831 3074 995 3156 sedentque
1009 3075 1157 3152 volucres,

305 3190 533 3258 maerentesque
546 3177 648 3238 dolent
659 3175 762 3236 sedem
775 3175 916 3236 cecidisse
929 3180 1068 3256 priorem,

221 3277 284 3343 285
306 3291 336 3340 et
350 3280 521 3362 quaerenda
534 3285 620 3340 novis
637 3281 725 3340 arbor
739 3281 837 3360 placet
850 3281 943 3337 altera
958 3277 1057 3338 nidis:

306 3387 350 3443 sic
363 3403 503 3464 suprema
518 3403 590 3442 suaa
604 3401 726 3442 servans
740 3385 867 3461 insignia
883 3383 963 3440 vitae

306 3489 487 3546 lastinianus
501 3495 582 3559 erat,
604 3503 665 3544 non
679 3495 799 3544 mutans
815 3494 910 3543 tuone
926 3483 1066 3559 colorem,

305 3585 360 3647 sed
374 3589 462 3648 solito
479 3585 607 3645 caudore
619 3591 729 3646 nitens.
774 3585 855 3666 quod
868 3589 972 3644 vicerit
987 3588 1100 3662 orbem,

304 3709 385 3749 mors
397 3688 567 3748 veneranda
580 3692 637 3749 riri
651 3689 744 3767 signis
756 3691 932 3747 monstrarit
946 3693 1067 3768 apertis.

219 3787 282 3856 240
302 3793 368 3871 ipse
382 3790 540 3850 ridebatur
553 3795 666 3850 cunctis
678 3791 889 3871 plangentibus
903 3811 982 3850 uuus

304 3894 404 3973 effigie
416 3891 547 3974 gaudere
560 3898 628 3976 pia,
652 3891 820 3952 diademate
831 3904 967 3972 comptus

302 4015 510 4078 purpureaque
525 4001 558 4057 iu
571 4008 653 4058 reate
667 3998 787 4070 iacens,
806 3997 991 4077 requiescere
1005 4013 1112 4055 somno

304 4098 425 4158 credere
444 4099 525 4179 quod
540 4103 652 4178 possis,
673 4117 734 4158 non
751 4098 825 4158 duro
836 4099 959 4173 funere,
982 4117 1099 4176 corpus.

303 4197 403 4276 haud,
425 4177 501 4277 ¹reor,
523 4205 673 4260 immerito
687 4203 730 4260 sic
748 4202 843 4258 laetus
856 4211 886 4258 et
898 4219 949 4258 ora
963 4201 1110 4278 benignus

218 4301 281 4369 245
303 4305 356 4362 ille
370 4307 447 4364 foret
458 4309 590 4364 moriens
598 4329 607 4378 ‚¹
628 4306 686 4362 uisi
700 4322 787 4360 meus
799 4303 857 4361 sibi
874 4304 992 4361 muscia
1006 4303 1080 4360 recti

304 4411 335 4468 in
352 4410 468 4466 caelum
482 4424 645 4486 properans
657 4424 775 4462 securos
792 4405 940 4484 linqueret
954 4415 1035 4463 crtus

307 4523 337 4572 et
353 4523 452 4570 tutum
465 4511 624 4589 imperium
638 4509 754 4566 firmato
768 4506 877 4565 herede
890 4508 1013 4566 locaret.

351 4621 417 4674 Huc
430 4614 484 4672 ubi
499 4613 709 4690 magnanimus
726 4629 807 4670 sacra
823 4629 893 4668 cum
908 4612 1034 4690 coniuge
1046 4607 1140 4684 venit,
