2790 5130
273 797 306 860 8·
348 793 571 855 commemorat
593 801 770 854 cancrena
793 809 922 875 quornm
941 789 1150 854 exhortatione
1171 810 1292 850 carmen

190 893 248 955 lton
266 897 298 954 in
315 895 438 956 laudem
453 898 560 956 Insilui
574 897 794 976 conscripserit.

274 996 308 1066 4.
350 1000 509 1058 iustiniani
534 998 650 1058 obitum
678 997 836 1058 artificiose
860 999 949 1076 poeta
977 993 1154 1075 introducit,
1188 1007 1222 1056 ut
1251 1015 1292 1056 ex

192 1101 328 1160 consulto
344 1113 465 1162 senators
479 1103 629 1161 lustinum
643 1101 793 1160 auunculo
807 1095 963 1176 condignis
977 1096 1127 1159 laudibus.

277 1203 310 1272 ὅ.
351 1197 411 1266 Ubi
444 1205 661 1264 oonlacrirnana
688 1205 839 1278 lustinus,
880 1197 982 1264 et'de'
1004 1211 1100 1262 morte
1123 1199 1318 1268 inanitatis

192 1303 266 1366 dnm
286 1326 376 1386 sopor
396 1309 491 1367 oculis
511 1308 697 1387 irrepsisset,
717 1325 773 1385 per
785 1305 918 1384 quietem
931 1303 1008 1366 vidit
1021 1316 1154 1364 sanctam
1166 1307 1294 1365 Mariam

191 1411 341 1490 virginem
355 1411 516 1490 imperinm
528 1411 587 1469 sibi
602 1403 775 1466 decedentis
788 1408 928 1465 arnandi
942 1425 1109 1486 surrogans.

277 1517 308 1578 6.
351 1513 396 1570 De
416 1513 523 1570 lustini
545 1508 670 1570 aedibus
694 1509 821 1570 calinici
838 1507 993 1570 concitatio
1009 1511 1163 1590 impulsu,
1179 1507 1295 1568 utadi-

192 1625 241 1682 ius
256 1613 377 1678 dareurr
392 1613 510 1676 senatui
524 1614 737 1692 imperatorem
747 1613 897 1710 Iustinum
910 1613 1039 1694 eligere,
1061 1623 1092 1696 et
1106 1611 1243 1678 corstodis¹
1253 1612 1295 1690 ad

193 1719 351 1797 strepitum
367 1735 435 1774 cnm
447 1713 655 1794 indignatione
669 1701 830 1796 responsis.
1303 1724 1336 1780 10

277 1821 308 1883 7.
351 1820 520 1898 Descriptio
539 1814 645 1876 domus
667 1818 786 1875 Iustini.
830 1833 923 1898 quam
941 1814 1071 1894 pretiosa
1086 1817 1155 1878 visu
1171 1827 1201 1878 et
1219 1839 1295 1898 cpe-

193 1939 260 1980 rcso
272 1921 364 1980 fuerit
378 1920 481 1980 labore
497 1931 665 1981 consancta
682 1914 802 1996 mrit,
824 1927 859 1978 ut
872 1916 913 1978 ad
925 1915 1073 1979 honorem
1084 1923 1191 1982 tustini
1203 1941 1296 2005 quam

191 2041 319 2108 propere
335 2024 539 2086 convenirent.

146 2293 155 2310 Ν
278 2229 329 2290 17.
372 2221 575 2298 caracteres
599 2224 649 2282 vel
674 2220 1296 2305 eimapparatussIguificent,l1icpcita

192 2322 364 2390 admirabili
378 2329 494 2390 ratione
511 2325 729 2404 complectitur.
1303 2341 1336 2400 15

255 2479 258 2495 .
280 2431 330 2494 18.
372 2430 454 2487 Dicit
478 2427 529 2487 hic
554 2429 607 2508 qui
635 2429 769 2506 primum
796 2426 957 2507 quadrigas
981 2427 1133 2503 iunxerit3
1166 2440 1196 2487 et
1215 2426 1297 2510 quod

191 2547 270 2596 vaus
293 2532 466 2610 superstitio
488 2548 675 2610 paganorum
697 2526 789 2588 deum
809 2529 906 2596 solem
927 2534 1097 2612 putaverit3
1125 2535 1178 2614 qui
1193 2544 1297 2592 temen

191 2627 290 2691 honor
303 2633 375 2694 solis
389 2644 495 2714 postea
501 2632 652 2694 rtemann
666 2629 784 2692 delatus
798 2643 855 2692 est.
918 2691 920 2698 ⁴

279 2737 330 2802 19.
373 2737 485 2800 Amore
508 2734 666 2798 Iustiniani
685 2733 816 2813 populus
832 2734 973 2798 iracitatus
987 2735 1137 2800 lustinum
1152 2733 1297 2802 heredem

192 2837 279 2915 regni
293 2837 397 2898 favore
414 2836 515 2900 landis
529 2837 716 2919 exsequitur.
1302 2853 1338 2910 20

264 3023 291 3084 2.
308 3020 384 3077 liaeo
400 3026 461 3077 nota
471 3021 506 3080 ari
518 3021 625 3094 primun
636 3019 684 3074 ian
696 3019 787 3074 iibrun
799 3017 905 3092 eurippi
916 3021 1044 3094 pertinet,
1062 3019 1135 3078 coins
1146 3037 1192 3076 sex
1202 3020 1298 3092 nusi·

192 3087 265 3144 nain
276 3089 453 3146 distinctiones
464 3092 648 3145 santonissae.
666 3091 698 3143 ii.
727 3093 923 3160 ,praetereaque
938 3091 1069 3162 perierunt
1082 3091 1158 3144 eiiam
1176 3089 1299 3146 murm&

193 3157 251 3213 diae
262 3159 404 3215 Periochae
415 3161 532 3214 carminis
544 3176 628 3230 paneg
661 3159 694 3211 'ci
706 3159 738 3212 ad
750 3160 921 3213 Anmtssiuro.
979 3198 987 3215 .

264 3229 291 3284 4.
308 3230 384 3294 Quae
398 3231 440 3284 iiic
454 3229 548 3284 desunt
565 3239 630 3312 sopp
640 3228 678 3281 eri
697 3227 802 3282 debentr
821 3230 1026 3283 sonandam
1039 3229 1186 3284 maine
1197 3229 1298 3286 doceat

106 3329 107 3334 =
194 3312 253 3352 natu
269 3297 393 3354 lusdnuru
409 3299 511 3358 senatui
530 3315 546 3352 a
562 3307 687 3352 monente
702 3297 841 3352 Iustiniana
860 3298 1060 3352 commendatum
1078 3297 1189 3354 traditur
1203 3297 1222 3352 l.
1236 3301 1251 3354 1
1271 3303 1299 3350 et

86 3441 96 3450 β
193 3363 251 3420 aa.
286 3367 318 3420 a.

262 3435 289 3490 5.
307 3435 412 3490 Excidit
427 3435 492 3490 crdo
510 3435 663 3490 mentionis
680 3452 714 3490 ex
728 3435 793 3488 libro
805 3435 895 3506 prisc.
930 3434 1014 3489 adiuit
1024 3441 1128 3490 maias
1139 3433 1253 3498 iustine.
1271 3438 1299 3489 at

194 3501 229 3555 de
247 3501 395 3558 infirmitate
417 3505 683 3568 cronodromonis,
705 3504 839 3574 ipsumque
854 3505 1008 3558 successioni
1021 3503 1204 3560 admovendum
1223 3504 1297 3558 dixit.

196 3569 238 3624 cui
256 3573 366 3630 sermoni
384 3573 575 3631 conlacrimavit
593 3575 715 3628 lustinus.
750 3574 953 3628 haecdesnntin
964 3573 1107 3628 lacunaiiia
1119 3576 1185 3626 tete
1196 3589 1297 3642 magna

196 3643 283 3694 cetera
293 3641 342 3694 ian
354 3649 488 3712 apparent.
524 3643 588 3696 hoec
599 3643 619 3696 si
632 3641 819 3696 considerasset
828 3643 980 3710 Panotios,
997 3643 1162 3697 aonmuim
1178 3641 1299 3696 insertio-

194 3706 235 3766 uis
249 3708 283 3762 de
300 3711 444 3780 fragmento
462 3701 594 3782 opinione,
611 3727 686 3781 quara
706 3709 789 3780 longis
807 3711 901 3781 alioqui
916 3712 1065 3780 mbagibus
1081 3727 1198 3765 asserere
1209 3712 1299 3764 votuit.

196 3774 282 3830 Maria
292 3795 355 3832 vero
366 3796 383 3832 a
395 3779 509 3850 Corippo
521 3784 655 3850 pottsnm
666 3786 781 3834 veterum
792 3780 932 3834 inritatione
942 3781 1121 3852 introducitur,
1134 3782 1177 3850 qui
1188 3781 1235 3833 diis
1246 3779 1299 3834 sois

197 3847 420 3922 comprincipibus
432 3865 548 3934 nagnam
558 3849 755 3904 familiaritatem
766 3849 902 3906 iaciebant
937 3850 1032 3903 utinam
1050 3866 1112 3903 vero
1127 3851 1224 3903 Graeci
1234 3848 1299 3902 stui-

107 3943 108 3948 1
215 3919 284 3969 tores
302 3917 328 3970 in
346 3917 441 3976 talibus
455 3934 535 3974 uanus
551 3923 646 3989 potine
662 3925 765 3984 cuent,
782 3935 889 3992 quorum
903 3918 961 3973 libri
972 3919 1184 3992 posterioriaero
1196 3915 1299 3972 iocundi

222 3989 397 4042 tsrumrerunt
409 3995 477 4041 sunt.
511 3989 542 4046 Β.

267 4055 293 4110 6.
311 4055 436 4114 hactus
454 4057 518 4109 haec
534 4055 637 4109 intuens
654 4053 987 4126 monachu-‘glossatorem
1004 4055 1112 4110 videbis.
1145 4057 1222 4126 potia
1233 4053 1300 4108 eta

196 4120 305 4178 Pietatis
323 4124 483 4178 simulacrum
504 4124 575 4178 caelo
594 4125 751 4178 descendere
762 4125 842 4191 iacit,
862 4125 984 4178 familiare
995 4133 1024 4180 nt
1035 4125 1106 4179 reiut
1117 4131 1242 4196 perpetuo
1253 4125 1298 4176 ln·

194 4189 273 4246 atina
308 4191 351 4246 iile
367 4211 430 4246 vero
449 4195 553 4248 beatam
570 4194 695 4262 virginem
710 4209 743 4247 cx
760 4211 791 4247 eo
809 4194 953 4259 concinnat
988 4211 1036 4248 nec
1046 4195 1107 4247 inde
1119 4193 1199 4247 minna
1210 4195 1299 4246 homas

195 4269 288 4322 auctor
299 4261 360 4316 Ocri
378 4279 427 4333 pus
439 4279 497 4316 esse
507 4263 591 4334 possit
600 4263 668 4334 ipses
684 4261 800 4315 ‘amachi
820 4263 885 4316 cirin
896 4263 941 4316 diu
952 4262 1083 4333 imperim
1095 4263 1120 4316 in
1135 4263 1215 4315 bonas
1227 4262 1300 4313 litte·

195 4345 239 4386 roa
256 4281 485 4400 momolenus,
502 4331 606 4400 tyranni
625 4330 693 4396 veri,
710 4331 861 4385 habuerunt.
897 4332 985 4386 melius
1001 4349 1093 4387 amu
1104 4331 1187 4402 spirat
1217 4329 1298 4383 tarasia

195 4413 263 4468 quae
273 4399 387 4470 sequitur
397 4418 420 4454 c.
428 4402 458 4455 62
476 4407 506 4454 at
517 4402 606 4454 editas
616 4401 725 4454 rimus
735 4401 839 4454 motai
850 4402 1031 4474 imperatore·
1042 4402 1171 4458 Μυκη
1213 4401 1301 4470 ἐπα,-

195 4467 265 4536 quod
277 4469 414 4522 monachus
425 4485 487 4522 sane
497 4468 571 4522 aliter
581 4469 725 4522 extulisset.
758 4471 792 4522 s.

266 4540 307 4594 li.
324 4537 785 4612 Vonddnsrecteoorrexitrpcciocs
798 4538 866 4596 olam
900 4540 933 4597 Ρ.

266 4608 307 4663 18.
323 4607 399 4662 Adde
408 4607 576 4682 principibu.
610 4607 643 4663 ti.
