<?xml version="1.0" encoding="UTF-8"?>
<!DOCTYPE html PUBLIC "-//W3C//DTD XHTML 1.0 Transitional//EN"
    "http://www.w3.org/TR/xhtml1/DTD/xhtml1-transitional.dtd">
<html xmlns="http://www.w3.org/1999/xhtml" xml:lang="en" lang="en">
 <head>
  <title>
</title>
<meta http-equiv="Content-Type" content="text/html;charset=utf-8" />
  <meta name='ocr-system' content='tesseract 3.04.00' />
  <meta name='ocr-capabilities' content='ocr_page ocr_carea ocr_par ocr_line ocrx_word'/>
</head>
<body>
  <div class='ocr_page' id='page_1' title='image "./merobaudesetcor00bekkgoog/merobaudesetcor00bekkgoog_0071.png"; bbox 0 0 2768 5146; ppageno 0'>
   <div class='ocr_carea' id='block_1_1' title="bbox 205 645 847 720">
    <p class='ocr_par' dir='ltr' id='par_1_1' title="bbox 205 645 847 720">
     <span class='ocr_line' id='line_1_1' title="bbox 205 645 847 720; baseline 0.003 -2"><span class='ocrx_word' id='word_1_1' title='bbox 205 667 277 718; x_wconf 79' lang='lat' dir='ltr'><strong>nxn</strong></span> <span class='ocrx_word' id='word_1_2' title='bbox 666 645 847 720; x_wconf 70' lang='lat' dir='ltr'><strong>nocenti</strong></span> 
     </span>
    </p>
   </div>
   <div class='ocr_carea' id='block_1_2' title="bbox 150 813 1356 4695">
    <p class='ocr_par' dir='ltr' id='par_1_2' title="bbox 150 813 1356 3870">
     <span class='ocr_line' id='line_1_2' title="bbox 292 813 1306 900; baseline 0.002 -24"><span class='ocrx_word' id='word_1_3' title='bbox 292 817 401 898; x_wconf 83' lang='lat' dir='ltr'><strong>itaqua</strong></span> <span class='ocrx_word' id='word_1_4' title='bbox 419 829 517 900; x_wconf 67' lang='lat' dir='ltr'><strong>noges</strong></span> <span class='ocrx_word' id='word_1_5' title='bbox 539 827 630 894; x_wconf 77' lang='lat' dir='ltr'><strong>agere</strong></span> <span class='ocrx_word' id='word_1_6' title='bbox 649 823 724 898; x_wconf 77' lang='lat' dir='ltr'><strong>poto</strong></span> <span class='ocrx_word' id='word_1_7' title='bbox 740 816 792 898; x_wconf 82' lang='lat' dir='ltr'><strong>qni</strong></span> <span class='ocrx_word' id='word_1_8' title='bbox 805 815 956 884; x_wconf 72' lang='lat' dir='ltr'><strong>cresconii</strong></span> <span class='ocrx_word' id='word_1_9' title='bbox 970 815 1127 882; x_wconf 70' lang='lat' dir='ltr'><strong>canonum</strong></span> <span class='ocrx_word' id='word_1_10' title='bbox 1139 813 1306 878; x_wconf 74' lang='lat' dir='ltr'><strong>wlleetcris</strong></span> 
     </span>
     <span class='ocr_line' id='line_1_3' title="bbox 209 917 1306 998; baseline -0.003 -18"><span class='ocrx_word' id='word_1_11' title='bbox 209 927 339 980; x_wconf 71' lang='lat' dir='ltr'><strong>sentem</strong></span> <span class='ocrx_word' id='word_1_12' title='bbox 354 936 399 996; x_wconf 84' lang='lat' dir='ltr'><strong>¹ex</strong></span> <span class='ocrx_word' id='word_1_13' title='bbox 419 937 456 976; x_wconf 89' lang='lat' dir='ltr'><strong>aa</strong></span> <span class='ocrx_word' id='word_1_14' title='bbox 480 925 551 978; x_wconf 84' lang='lat' dir='ltr'><strong>ncta</strong></span> <span class='ocrx_word' id='word_1_15' title='bbox 572 920 751 998; x_wconf 84' lang='lat' dir='ltr'><strong>comperisse</strong></span> <span class='ocrx_word' id='word_1_16' title='bbox 769 921 826 980; x_wconf 86' lang='lat' dir='ltr'><strong>sibi</strong></span> <span class='ocrx_word' id='word_1_17' title='bbox 841 918 1051 994; x_wconf 86' lang='lat' dir='ltr'><strong>blandiuntur,</strong></span> <span class='ocrx_word' id='word_1_18' title='bbox 1072 939 1144 980; x_wconf 77' lang='lat' dir='ltr'><strong>nun</strong></span> <span class='ocrx_word' id='word_1_19' title='bbox 1161 917 1239 978; x_wconf 76' lang='lat' dir='ltr'><strong>suilli</strong></span> <span class='ocrx_word' id='word_1_20' title='bbox 1257 921 1306 978; x_wconf 86' lang='lat' dir='ltr'><strong>vi-</strong></span> 
     </span>
     <span class='ocr_line' id='line_1_4' title="bbox 208 1017 1306 1104; baseline 0 -24"><span class='ocrx_word' id='word_1_21' title='bbox 208 1020 326 1080; x_wconf 78' lang='lat' dir='ltr'><strong>dentur·</strong></span> <span class='ocrx_word' id='word_1_22' title='bbox 339 1033 506 1100; x_wconf 82' lang='lat' dir='ltr'><strong>unouyrnus</strong></span> <span class='ocrx_word' id='word_1_23' title='bbox 525 1017 680 1100; x_wconf 80' lang='lat' dir='ltr'><strong>adnotator</strong></span> <span class='ocrx_word' id='word_1_24' title='bbox 702 1041 743 1092; x_wconf 76' lang='lat' dir='ltr'><strong>ex</strong></span> <span class='ocrx_word' id='word_1_25' title='bbox 760 1043 798 1083; x_wconf 83' lang='lat' dir='ltr'><strong>eo</strong></span> <span class='ocrx_word' id='word_1_26' title='bbox 818 1021 1025 1084; x_wconf 82' lang='lat' dir='ltr'><strong>tauunamodo</strong></span> <span class='ocrx_word' id='word_1_27' title='bbox 1045 1024 1103 1082; x_wconf 87' lang='lat' dir='ltr'><strong>sibl</strong></span> <span class='ocrx_word' id='word_1_28' title='bbox 1114 1023 1306 1104; x_wconf 82' lang='lat' dir='ltr'><strong>persuasisse</strong></span> 
     </span>
     <span class='ocr_line' id='line_1_5' title="bbox 208 1121 1306 1206; baseline 0 -24"><span class='ocrx_word' id='word_1_29' title='bbox 208 1121 294 1206; x_wconf 89' lang='lat' dir='ltr'><strong>quod</strong></span> <span class='ocrx_word' id='word_1_30' title='bbox 311 1121 448 1184; x_wconf 85' lang='lat' dir='ltr'><strong>eiusdem</strong></span> <span class='ocrx_word' id='word_1_31' title='bbox 464 1125 593 1184; x_wconf 80' lang='lat' dir='ltr'><strong>auctoris</strong></span> <span class='ocrx_word' id='word_1_32' title='bbox 608 1135 686 1186; x_wconf 82' lang='lat' dir='ltr'><strong>esset</strong></span> <span class='ocrx_word' id='word_1_33' title='bbox 695 1145 820 1186; x_wconf 86' lang='lat' dir='ltr'><strong>cannen</strong></span> <span class='ocrx_word' id='word_1_34' title='bbox 832 1127 869 1186; x_wconf 82' lang='lat' dir='ltr'><strong>de</strong></span> <span class='ocrx_word' id='word_1_35' title='bbox 884 1124 969 1186; x_wconf 61' lang='lat' dir='ltr'><strong>bello</strong></span> <span class='ocrx_word' id='word_1_36' title='bbox 982 1125 1107 1206; x_wconf 60' lang='lat' dir='ltr'><strong>Libyeis</strong></span> <span class='ocrx_word' id='word_1_37' title='bbox 1118 1143 1154 1182; x_wconf 83' lang='lat' dir='ltr'><strong>eo</strong></span> <span class='ocrx_word' id='word_1_38' title='bbox 1169 1123 1306 1184; x_wconf 74' lang='lat' dir='ltr'><strong>collectio</strong></span> 
     </span>
     <span class='ocr_line' id='line_1_6' title="bbox 209 1223 1306 1312; baseline 0 -24"><span class='ocrx_word' id='word_1_39' title='bbox 209 1227 381 1300; x_wconf 70' lang='lat' dir='ltr'><strong>Curionum,</strong></span> <span class='ocrx_word' id='word_1_40' title='bbox 392 1226 476 1306; x_wconf 60' lang='lat' dir='ltr'><strong>puio</strong></span> <span class='ocrx_word' id='word_1_41' title='bbox 494 1227 647 1288; x_wconf 80' lang='lat' dir='ltr'><strong>nimirum·</strong></span> <span class='ocrx_word' id='word_1_42' title='bbox 661 1230 810 1298; x_wconf 72' lang='lat' dir='ltr'><strong>cresconii</strong></span> <span class='ocrx_word' id='word_1_43' title='bbox 828 1249 940 1290; x_wconf 87' lang='lat' dir='ltr'><strong>ncruen</strong></span> <span class='ocrx_word' id='word_1_44' title='bbox 956 1231 1074 1312; x_wconf 85' lang='lat' dir='ltr'><strong>utrique</strong></span> <span class='ocrx_word' id='word_1_45' title='bbox 1094 1227 1178 1307; x_wconf 89' lang='lat' dir='ltr'><strong>operi</strong></span> <span class='ocrx_word' id='word_1_46' title='bbox 1195 1223 1306 1306; x_wconf 75' lang='lat' dir='ltr'><strong>praefi-</strong></span> 
     </span>
     <span class='ocr_line' id='line_1_7' title="bbox 209 1329 1306 1414; baseline -0.002 -24"><span class='ocrx_word' id='word_1_47' title='bbox 209 1349 287 1390; x_wconf 76' lang='lat' dir='ltr'><strong>nun</strong></span> <span class='ocrx_word' id='word_1_48' title='bbox 309 1329 479 1404; x_wconf 82' lang='lat' dir='ltr'><strong>invenerat,</strong></span> <span class='ocrx_word' id='word_1_49' title='bbox 508 1338 538 1388; x_wconf 91' lang='lat' dir='ltr'><strong>at</strong></span> <span class='ocrx_word' id='word_1_50' title='bbox 566 1332 637 1410; x_wconf 85' lang='lat' dir='ltr'><strong>quia</strong></span> <span class='ocrx_word' id='word_1_51' title='bbox 663 1332 761 1410; x_wconf 85' lang='lat' dir='ltr'><strong>operis</strong></span> <span class='ocrx_word' id='word_1_52' title='bbox 776 1333 941 1414; x_wconf 49' lang='lat' dir='ltr'><strong>nutriesque</strong></span> <span class='ocrx_word' id='word_1_53' title='bbox 961 1342 1112 1392; x_wconf 78' lang='lat' dir='ltr'><strong>auctorem</strong></span> <span class='ocrx_word' id='word_1_54' title='bbox 1130 1329 1306 1392; x_wconf 83' lang='lat' dir='ltr'><strong>Africanum</strong></span> 
     </span>
     <span class='ocr_line' id='line_1_8' title="bbox 209 1427 1308 1514; baseline 0 -22"><span class='ocrx_word' id='word_1_55' title='bbox 209 1429 365 1504; x_wconf 69' lang='lat' dir='ltr'><strong>hortium</strong></span> <span class='ocrx_word' id='word_1_56' title='bbox 384 1451 449 1491; x_wconf 85' lang='lat' dir='ltr'><strong>asae</strong></span> <span class='ocrx_word' id='word_1_57' title='bbox 468 1431 632 1492; x_wconf 54' lang='lat' dir='ltr'><strong>sentiebat„</strong></span> <span class='ocrx_word' id='word_1_58' title='bbox 669 1451 775 1492; x_wconf 76' lang='lat' dir='ltr'><strong>renim</strong></span> <span class='ocrx_word' id='word_1_59' title='bbox 796 1434 1069 1495; x_wconf 78' lang='lat' dir='ltr'><strong>aninusdrartemus</strong></span> <span class='ocrx_word' id='word_1_60' title='bbox 1091 1441 1206 1512; x_wconf 78' lang='lat' dir='ltr'><strong>oportet</strong></span> <span class='ocrx_word' id='word_1_61' title='bbox 1222 1427 1308 1514; x_wconf 83' lang='lat' dir='ltr'><strong>quod</strong></span> 
     </span>
     <span class='ocr_line' id='line_1_9' title="bbox 150 1535 1305 1610; baseline -0.003 -14"><span class='ocrx_word' id='word_1_62' title='bbox 150 1591 154 1604; x_wconf 91' lang='grc'><em>,</em></span> <span class='ocrx_word' id='word_1_63' title='bbox 209 1537 362 1596; x_wconf 76' lang='lat' dir='ltr'><strong>llrssonnii</strong></span> <span class='ocrx_word' id='word_1_64' title='bbox 384 1555 440 1610; x_wconf 82' lang='lat' dir='ltr'><strong>seu</strong></span> <span class='ocrx_word' id='word_1_65' title='bbox 458 1535 555 1594; x_wconf 73' lang='lat' dir='ltr'><strong>made</strong></span> <span class='ocrx_word' id='word_1_66' title='bbox 570 1535 717 1594; x_wconf 70' lang='lat' dir='ltr'><strong>&#39;crisconii</strong></span> <span class='ocrx_word' id='word_1_67' title='bbox 735 1553 847 1596; x_wconf 85' lang='lat' dir='ltr'><strong>nomen</strong></span> <span class='ocrx_word' id='word_1_68' title='bbox 863 1537 920 1596; x_wconf 84' lang='lat' dir='ltr'><strong>luit</strong></span> <span class='ocrx_word' id='word_1_69' title='bbox 933 1538 1015 1598; x_wconf 75' lang='lat' dir='ltr'><strong>Afris</strong></span> <span class='ocrx_word' id='word_1_70' title='bbox 1027 1537 1305 1608; x_wconf 74' lang='lat' dir='ltr'><strong>familiarissimum.</strong></span> 
     </span>
     <span class='ocr_line' id='line_1_10' title="bbox 209 1635 1307 1726; baseline -0.003 -27"><span class='ocrx_word' id='word_1_71' title='bbox 209 1648 243 1698; x_wconf 83' lang='lat' dir='ltr'><strong>ui</strong></span> <span class='ocrx_word' id='word_1_72' title='bbox 258 1641 347 1726; x_wconf 87' lang='lat' dir='ltr'><strong>plane</strong></span> <span class='ocrx_word' id='word_1_73' title='bbox 360 1639 456 1720; x_wconf 86' lang='lat' dir='ltr'><strong>liquet</strong></span> <span class='ocrx_word' id='word_1_74' title='bbox 469 1654 511 1695; x_wconf 84' lang='lat' dir='ltr'><strong>ex</strong></span> <span class='ocrx_word' id='word_1_75' title='bbox 527 1635 692 1698; x_wconf 77' lang='lat' dir='ltr'><strong>collatione</strong></span> <span class='ocrx_word' id='word_1_76' title='bbox 707 1635 937 1718; x_wconf 68' lang='lat' dir='ltr'><strong>Carthaginensi</strong></span> <span class='ocrx_word' id='word_1_77' title='bbox 946 1650 979 1698; x_wconf 85' lang='lat' dir='ltr'><strong>et</strong></span> <span class='ocrx_word' id='word_1_78' title='bbox 993 1657 1033 1698; x_wconf 83' lang='lat' dir='ltr'><strong>ex</strong></span> <span class='ocrx_word' id='word_1_79' title='bbox 1048 1640 1172 1720; x_wconf 82' lang='lat' dir='ltr'><strong>epistola</strong></span> <span class='ocrx_word' id='word_1_80' title='bbox 1187 1637 1307 1696; x_wconf 74' lang='lat' dir='ltr'><strong>concilii</strong></span> 
     </span>
     <span class='ocr_line' id='line_1_11' title="bbox 167 1735 1307 1824; baseline -0.003 -22"><span class='ocrx_word' id='word_1_81' title='bbox 167 1791 170 1802; x_wconf 92' lang='lat'>.</span> <span class='ocrx_word' id='word_1_82' title='bbox 209 1741 378 1802; x_wconf 72' lang='lat' dir='ltr'><strong>milevitani</strong></span> <span class='ocrx_word' id='word_1_83' title='bbox 399 1735 668 1798; x_wconf 73' lang='lat' dir='ltr'><strong>adhaerentium</strong></span> <span class='ocrx_word' id='word_1_84' title='bbox 687 1758 799 1820; x_wconf 85' lang='lat' dir='ltr'><strong>papam</strong></span> <span class='ocrx_word' id='word_1_85' title='bbox 816 1746 848 1815; x_wconf 83' lang='lat'><strong>1,</strong></span> <span class='ocrx_word' id='word_1_86' title='bbox 871 1757 1000 1824; x_wconf 81' lang='lat' dir='ltr'><strong>quarum</strong></span> <span class='ocrx_word' id='word_1_87' title='bbox 1018 1744 1071 1800; x_wconf 88' lang='lat' dir='ltr'><strong>uni</strong></span> <span class='ocrx_word' id='word_1_88' title='bbox 1082 1743 1192 1822; x_wconf 83' lang='lat' dir='ltr'><strong>plures</strong></span> <span class='ocrx_word' id='word_1_89' title='bbox 1210 1741 1307 1800; x_wconf 76' lang='lat' dir='ltr'><strong>intac-</strong></span> 
     </span>
     <span class='ocr_line' id='line_1_12' title="bbox 209 1839 1307 1924; baseline 0.001 -23"><span class='ocrx_word' id='word_1_90' title='bbox 209 1843 331 1902; x_wconf 75' lang='lat' dir='ltr'><strong>fuerunt</strong></span> <span class='ocrx_word' id='word_1_91' title='bbox 352 1852 383 1900; x_wconf 88' lang='lat' dir='ltr'><strong>et</strong></span> <span class='ocrx_word' id='word_1_92' title='bbox 406 1839 485 1902; x_wconf 91' lang='lat' dir='ltr'><strong>hanc</strong></span> <span class='ocrx_word' id='word_1_93' title='bbox 507 1841 633 1904; x_wconf 70' lang='lat' dir='ltr'><strong>alteram</strong></span> <span class='ocrx_word' id='word_1_94' title='bbox 650 1842 752 1922; x_wconf 87' lang='lat' dir='ltr'><strong>pluras</strong></span> <span class='ocrx_word' id='word_1_95' title='bbox 765 1856 975 1924; x_wconf 83' lang='lat' dir='ltr'><strong>nuncuparunt</strong></span> <span class='ocrx_word' id='word_1_96' title='bbox 989 1840 1307 1906; x_wconf 78' lang='lat' dir='ltr'><strong>diversarum-sedium</strong></span> 
     </span>
     <span class='ocr_line' id='line_1_13' title="bbox 208 1943 1307 2026; baseline 0 -22"><span class='ocrx_word' id='word_1_97' title='bbox 208 1945 360 2024; x_wconf 84' lang='lat' dir='ltr'><strong>episcopi,</strong></span> <span class='ocrx_word' id='word_1_98' title='bbox 390 1945 444 2026; x_wconf 88' lang='lat' dir='ltr'><strong>qui</strong></span> <span class='ocrx_word' id='word_1_99' title='bbox 470 1963 531 2004; x_wconf 90' lang='lat' dir='ltr'><strong>uno</strong></span> <span class='ocrx_word' id='word_1_100' title='bbox 560 1943 728 2026; x_wconf 83' lang='lat' dir='ltr'><strong>eodemque</strong></span> <span class='ocrx_word' id='word_1_101' title='bbox 754 1947 906 2006; x_wconf 78' lang='lat' dir='ltr'><strong>cresconii</strong></span> <span class='ocrx_word' id='word_1_102' title='bbox 926 1949 1050 2010; x_wconf 85' lang='lat' dir='ltr'><strong>nornine</strong></span> <span class='ocrx_word' id='word_1_103' title='bbox 1068 1945 1307 2026; x_wconf 77' lang='lat' dir='ltr'><strong>appelloloautnr.</strong></span> 
     </span>
     <span class='ocr_line' id='line_1_14' title="bbox 209 2043 1338 2124; baseline 0.004 -20"><span class='ocrx_word' id='word_1_104' title='bbox 209 2057 256 2105; x_wconf 85' lang='lat' dir='ltr'><strong>est</strong></span> <span class='ocrx_word' id='word_1_105' title='bbox 269 2047 363 2124; x_wconf 87' lang='lat' dir='ltr'><strong>igitur</strong></span> <span class='ocrx_word' id='word_1_106' title='bbox 376 2043 558 2106; x_wconf 86' lang='lat' dir='ltr'><strong>adnotatoris</strong></span> <span class='ocrx_word' id='word_1_107' title='bbox 571 2043 700 2108; x_wconf 88' lang='lat' dir='ltr'><strong>adsertio</strong></span> <span class='ocrx_word' id='word_1_108' title='bbox 714 2045 879 2108; x_wconf 86' lang='lat' dir='ltr'><strong>admodum</strong></span> <span class='ocrx_word' id='word_1_109' title='bbox 892 2049 1023 2110; x_wconf 75' lang='lat' dir='ltr'><strong>incertae</strong></span> <span class='ocrx_word' id='word_1_110' title='bbox 1033 2045 1121 2124; x_wconf 81' lang='lat' dir='ltr'><strong>fidei,</strong></span> <span class='ocrx_word' id='word_1_111' title='bbox 1144 2051 1203 2108; x_wconf 88' lang='lat' dir='ltr'><strong>etsi</strong></span> <span class='ocrx_word' id='word_1_112' title='bbox 1213 2045 1308 2108; x_wconf 87' lang='lat' dir='ltr'><strong>indu-</strong></span> <span class='ocrx_word' id='word_1_113' title='bbox 1336 2079 1338 2086; x_wconf 87' lang='lat'><em>·</em></span> 
     </span>
     <span class='ocr_line' id='line_1_15' title="bbox 208 2147 1308 2230; baseline 0.001 -23"><span class='ocrx_word' id='word_1_114' title='bbox 208 2148 340 2208; x_wconf 84' lang='lat' dir='ltr'><strong>bitantar</strong></span> <span class='ocrx_word' id='word_1_115' title='bbox 361 2147 502 2208; x_wconf 83' lang='lat' dir='ltr'><strong>falsitatis</strong></span> <span class='ocrx_word' id='word_1_116' title='bbox 520 2167 582 2206; x_wconf 91' lang='lat' dir='ltr'><strong>non</strong></span> <span class='ocrx_word' id='word_1_117' title='bbox 604 2167 715 2226; x_wconf 80' lang='lat' dir='ltr'><strong>arguo,</strong></span> <span class='ocrx_word' id='word_1_118' title='bbox 735 2160 803 2208; x_wconf 86' lang='lat' dir='ltr'><strong>tum</strong></span> <span class='ocrx_word' id='word_1_119' title='bbox 817 2152 889 2230; x_wconf 91' lang='lat' dir='ltr'><strong>quia</strong></span> <span class='ocrx_word' id='word_1_120' title='bbox 906 2152 1031 2208; x_wconf 85' lang='lat' dir='ltr'><strong>minima</strong></span> <span class='ocrx_word' id='word_1_121' title='bbox 1045 2159 1160 2229; x_wconf 78' lang='lat' dir='ltr'><strong>pugnat</strong></span> <span class='ocrx_word' id='word_1_122' title='bbox 1173 2149 1308 2230; x_wconf 85' lang='lat' dir='ltr'><strong>aliquem</strong></span> 
     </span>
     <span class='ocr_line' id='line_1_16' title="bbox 209 2249 1356 2332; baseline 0.001 -22"><span class='ocrx_word' id='word_1_123' title='bbox 209 2269 276 2310; x_wconf 86' lang='lat' dir='ltr'><strong>esse</strong></span> <span class='ocrx_word' id='word_1_124' title='bbox 287 2253 362 2310; x_wconf 90' lang='lat' dir='ltr'><strong>iuris</strong></span> <span class='ocrx_word' id='word_1_125' title='bbox 375 2249 511 2310; x_wconf 87' lang='lat' dir='ltr'><strong>canonici</strong></span> <span class='ocrx_word' id='word_1_126' title='bbox 521 2250 653 2328; x_wconf 86' lang='lat' dir='ltr'><strong>peritum</strong></span> <span class='ocrx_word' id='word_1_127' title='bbox 666 2261 697 2308; x_wconf 88' lang='lat' dir='ltr'><strong>et</strong></span> <span class='ocrx_word' id='word_1_128' title='bbox 708 2251 740 2308; x_wconf 91' lang='lat' dir='ltr'><strong>in</strong></span> <span class='ocrx_word' id='word_1_129' title='bbox 752 2261 815 2310; x_wconf 88' lang='lat' dir='ltr'><strong>arte</strong></span> <span class='ocrx_word' id='word_1_130' title='bbox 830 2254 947 2330; x_wconf 67' lang='lat' dir='ltr'><strong>poetica</strong></span> <span class='ocrx_word' id='word_1_131' title='bbox 960 2262 1123 2332; x_wconf 86' lang='lat' dir='ltr'><strong>potentem,</strong></span> <span class='ocrx_word' id='word_1_132' title='bbox 1136 2254 1309 2312; x_wconf 79' lang='lat' dir='ltr'><strong>tumetium</strong></span> <span class='ocrx_word' id='word_1_133' title='bbox 1352 2267 1356 2274; x_wconf 88' lang='lat'>·</span> 
     </span>
     <span class='ocr_line' id='line_1_17' title="bbox 208 2352 1310 2434; baseline -0.001 -22"><span class='ocrx_word' id='word_1_134' title='bbox 208 2355 282 2434; x_wconf 84' lang='lat' dir='ltr'><strong>quie</strong></span> <span class='ocrx_word' id='word_1_135' title='bbox 301 2353 387 2411; x_wconf 83' lang='lat' dir='ltr'><strong>nulla</strong></span> <span class='ocrx_word' id='word_1_136' title='bbox 408 2352 540 2432; x_wconf 74' lang='lat' dir='ltr'><strong>suppetit</strong></span> <span class='ocrx_word' id='word_1_137' title='bbox 557 2354 632 2411; x_wconf 91' lang='lat' dir='ltr'><strong>ratio</strong></span> <span class='ocrx_word' id='word_1_138' title='bbox 655 2371 708 2410; x_wconf 88' lang='lat' dir='ltr'><strong>cur</strong></span> <span class='ocrx_word' id='word_1_139' title='bbox 723 2372 887 2432; x_wconf 77' lang='lat' dir='ltr'><strong>pernegant</strong></span> <span class='ocrx_word' id='word_1_140' title='bbox 899 2373 961 2414; x_wconf 89' lang='lat' dir='ltr'><strong>non</strong></span> <span class='ocrx_word' id='word_1_141' title='bbox 975 2352 1083 2414; x_wconf 83' lang='lat' dir='ltr'><strong>eodem</strong></span> <span class='ocrx_word' id='word_1_142' title='bbox 1093 2355 1310 2433; x_wconf 32' lang='lat' dir='ltr'><strong>ferertmpom</strong></span> 
     </span>
     <span class='ocr_line' id='line_1_18' title="bbox 207 2453 1310 2526; baseline 0.001 -11"><span class='ocrx_word' id='word_1_143' title='bbox 207 2454 322 2515; x_wconf 84' lang='lat' dir='ltr'><strong>editum</strong></span> <span class='ocrx_word' id='word_1_144' title='bbox 335 2455 429 2515; x_wconf 82' lang='lat' dir='ltr'><strong>inisse</strong></span> <span class='ocrx_word' id='word_1_145' title='bbox 444 2454 652 2514; x_wconf 85' lang='lat' dir='ltr'><strong>collectionem</strong></span> <span class='ocrx_word' id='word_1_146' title='bbox 664 2453 821 2520; x_wconf 76' lang='lat' dir='ltr'><strong>(lunanum</strong></span> <span class='ocrx_word' id='word_1_147' title='bbox 836 2457 1066 2516; x_wconf 75' lang='lat' dir='ltr'><strong>cresconianam</strong></span> <span class='ocrx_word' id='word_1_148' title='bbox 1080 2476 1116 2516; x_wconf 85' lang='lat' dir='ltr'><strong>uc</strong></span> <span class='ocrx_word' id='word_1_149' title='bbox 1131 2454 1246 2526; x_wconf 82' lang='lat' dir='ltr'><strong>editsrrn</strong></span> <span class='ocrx_word' id='word_1_150' title='bbox 1263 2465 1310 2516; x_wconf 82' lang='lat' dir='ltr'><strong>est</strong></span> 
     </span>
     <span class='ocr_line' id='line_1_19' title="bbox 207 2557 1309 2642; baseline 0.001 -25"><span class='ocrx_word' id='word_1_151' title='bbox 207 2577 225 2617; x_wconf 86' lang='lat' dir='ltr'><strong>a</strong></span> <span class='ocrx_word' id='word_1_152' title='bbox 239 2557 287 2616; x_wconf 73' lang='grc' dir='ltr'><strong>ΕΙ.</strong></span> <span class='ocrx_word' id='word_1_153' title='bbox 301 2558 460 2617; x_wconf 72' lang='lat' dir='ltr'><strong>cresconio</strong></span> <span class='ocrx_word' id='word_1_154' title='bbox 471 2557 600 2638; x_wconf 75' lang='lat' dir='ltr'><strong>Ocrippo</strong></span> <span class='ocrx_word' id='word_1_155' title='bbox 614 2575 735 2616; x_wconf 88' lang='lat' dir='ltr'><strong>carmen</strong></span> <span class='ocrx_word' id='word_1_156' title='bbox 746 2557 784 2617; x_wconf 84' lang='lat' dir='ltr'><strong>ds</strong></span> <span class='ocrx_word' id='word_1_157' title='bbox 796 2557 883 2618; x_wconf 69' lang='lat' dir='ltr'><strong>bellic</strong></span> <span class='ocrx_word' id='word_1_158' title='bbox 889 2557 1023 2638; x_wconf 68' lang='lat' dir='ltr'><strong>Ldycs.</strong></span> <span class='ocrx_word' id='word_1_159' title='bbox 1069 2562 1206 2640; x_wconf 85' lang='lat' dir='ltr'><strong>quinimo</strong></span> <span class='ocrx_word' id='word_1_160' title='bbox 1217 2561 1309 2642; x_wconf 83' lang='lat' dir='ltr'><strong>equi-</strong></span> 
     </span>
     <span class='ocr_line' id='line_1_20' title="bbox 207 2659 1307 2743; baseline 0 -23"><span class='ocrx_word' id='word_1_161' title='bbox 207 2659 278 2720; x_wconf 85' lang='lat' dir='ltr'><strong>dem</strong></span> <span class='ocrx_word' id='word_1_162' title='bbox 300 2663 398 2721; x_wconf 84' lang='lat' dir='ltr'><strong>sentio</strong></span> <span class='ocrx_word' id='word_1_163' title='bbox 421 2661 557 2740; x_wconf 84' lang='lat' dir='ltr'><strong>apprime</strong></span> <span class='ocrx_word' id='word_1_164' title='bbox 577 2661 731 2740; x_wconf 88' lang='lat' dir='ltr'><strong>probabile</strong></span> <span class='ocrx_word' id='word_1_165' title='bbox 751 2659 849 2722; x_wconf 84' lang='lat' dir='ltr'><strong>rideri</strong></span> <span class='ocrx_word' id='word_1_166' title='bbox 870 2659 952 2743; x_wconf 86' lang='lat' dir='ltr'><strong>quod</strong></span> <span class='ocrx_word' id='word_1_167' title='bbox 973 2659 1080 2722; x_wconf 83' lang='lat' dir='ltr'><strong>eadem</strong></span> <span class='ocrx_word' id='word_1_168' title='bbox 1093 2664 1187 2728; x_wconf 82' lang='lat' dir='ltr'><strong>ferme</strong></span> <span class='ocrx_word' id='word_1_169' title='bbox 1199 2673 1307 2737; x_wconf 83' lang='lat' dir='ltr'><strong>aetate,</strong></span> 
     </span>
     <span class='ocr_line' id='line_1_21' title="bbox 205 2761 1307 2846; baseline -0.004 -20"><span class='ocrx_word' id='word_1_170' title='bbox 205 2766 262 2826; x_wconf 84' lang='lat' dir='ltr'><strong>snb</strong></span> <span class='ocrx_word' id='word_1_171' title='bbox 275 2766 403 2845; x_wconf 87' lang='lat' dir='ltr'><strong>imperio</strong></span> <span class='ocrx_word' id='word_1_172' title='bbox 416 2764 561 2824; x_wconf 80' lang='lat' dir='ltr'><strong>nimimm</strong></span> <span class='ocrx_word' id='word_1_173' title='bbox 571 2764 731 2822; x_wconf 85' lang='lat' dir='ltr'><strong>iustiniani</strong></span> <span class='ocrx_word' id='word_1_174' title='bbox 742 2765 863 2843; x_wconf 84' lang='lat' dir='ltr'><strong>Magni,</strong></span> <span class='ocrx_word' id='word_1_175' title='bbox 884 2774 1045 2846; x_wconf 86' lang='lat' dir='ltr'><strong>utrumque</strong></span> <span class='ocrx_word' id='word_1_176' title='bbox 1059 2783 1133 2844; x_wconf 82' lang='lat' dir='ltr'><strong>opus</strong></span> <span class='ocrx_word' id='word_1_177' title='bbox 1146 2761 1307 2844; x_wconf 81' lang='lat' dir='ltr'><strong>prodieritt</strong></span> 
     </span>
     <span class='ocr_line' id='line_1_22' title="bbox 204 2863 1308 2948; baseline -0.002 -20"><span class='ocrx_word' id='word_1_178' title='bbox 204 2885 278 2928; x_wconf 85' lang='lat' dir='ltr'><strong>nem</strong></span> <span class='ocrx_word' id='word_1_179' title='bbox 298 2885 339 2926; x_wconf 81' lang='lat' dir='ltr'><strong>ex</strong></span> <span class='ocrx_word' id='word_1_180' title='bbox 363 2863 429 2926; x_wconf 85' lang='lat' dir='ltr'><strong>loh.</strong></span> <span class='ocrx_word' id='word_1_181' title='bbox 448 2865 623 2944; x_wconf 70' lang='lat' dir='ltr'><strong>crispiniani</strong></span> <span class='ocrx_word' id='word_1_182' title='bbox 645 2867 818 2926; x_wconf 86' lang='lat' dir='ltr'><strong>testimonio</strong></span> <span class='ocrx_word' id='word_1_183' title='bbox 838 2867 964 2948; x_wconf 87' lang='lat' dir='ltr'><strong>aliisque</strong></span> <span class='ocrx_word' id='word_1_184' title='bbox 980 2867 1106 2926; x_wconf 82' lang='lat' dir='ltr'><strong>inferius</strong></span> <span class='ocrx_word' id='word_1_185' title='bbox 1123 2863 1308 2926; x_wconf 76' lang='lat' dir='ltr'><strong>adducendis</strong></span> 
     </span>
     <span class='ocr_line' id='line_1_23' title="bbox 205 2968 1309 3048; baseline -0.004 -18"><span class='ocrx_word' id='word_1_186' title='bbox 205 2973 356 3030; x_wconf 83' lang='lat' dir='ltr'><strong>rationum</strong></span> <span class='ocrx_word' id='word_1_187' title='bbox 372 2969 534 3030; x_wconf 84' lang='lat' dir='ltr'><strong>momentis</strong></span> <span class='ocrx_word' id='word_1_188' title='bbox 554 2978 634 3028; x_wconf 88' lang='lat' dir='ltr'><strong>certo</strong></span> <span class='ocrx_word' id='word_1_189' title='bbox 653 2979 742 3031; x_wconf 85' lang='lat' dir='ltr'><strong>tanao</strong></span> <span class='ocrx_word' id='word_1_190' title='bbox 757 2968 848 3030; x_wconf 84' lang='lat' dir='ltr'><strong>lunius</strong></span> <span class='ocrx_word' id='word_1_191' title='bbox 863 2971 1002 3030; x_wconf 84' lang='lat' dir='ltr'><strong>carminis</strong></span> <span class='ocrx_word' id='word_1_192' title='bbox 1018 2978 1229 3048; x_wconf 74' lang='lat' dir='ltr'><strong>argumentum</strong></span> <span class='ocrx_word' id='word_1_193' title='bbox 1242 2986 1309 3026; x_wconf 85' lang='lat' dir='ltr'><strong>essa</strong></span> 
     </span>
     <span class='ocr_line' id='line_1_24' title="bbox 205 3067 1308 3152; baseline -0.005 -18"><span class='ocrx_word' id='word_1_194' title='bbox 205 3075 346 3136; x_wconf 84' lang='lat' dir='ltr'><strong>Africana</strong></span> <span class='ocrx_word' id='word_1_195' title='bbox 361 3073 476 3152; x_wconf 86' lang='lat' dir='ltr'><strong>praelia</strong></span> <span class='ocrx_word' id='word_1_196' title='bbox 489 3071 545 3132; x_wconf 89' lang='lat' dir='ltr'><strong>sub</strong></span> <span class='ocrx_word' id='word_1_197' title='bbox 557 3073 723 3134; x_wconf 85' lang='lat' dir='ltr'><strong>Instinieno</strong></span> <span class='ocrx_word' id='word_1_198' title='bbox 729 3073 772 3132; x_wconf 83' lang='grc' dir='ltr'><strong>Μ.</strong></span> <span class='ocrx_word' id='word_1_199' title='bbox 787 3083 889 3152; x_wconf 80' lang='lat' dir='ltr'><strong>geata3</strong></span> <span class='ocrx_word' id='word_1_200' title='bbox 911 3081 942 3129; x_wconf 89' lang='lat' dir='ltr'><strong>et</strong></span> <span class='ocrx_word' id='word_1_201' title='bbox 956 3067 1038 3152; x_wconf 91' lang='lat' dir='ltr'><strong>quod</strong></span> <span class='ocrx_word' id='word_1_202' title='bbox 1051 3073 1179 3149; x_wconf 88' lang='lat' dir='ltr'><strong>pertinet</strong></span> <span class='ocrx_word' id='word_1_203' title='bbox 1190 3069 1230 3129; x_wconf 87' lang='lat' dir='ltr'><strong>ud</strong></span> <span class='ocrx_word' id='word_1_204' title='bbox 1243 3069 1308 3130; x_wconf 86' lang='lat' dir='ltr'><strong>col-</strong></span> 
     </span>
     <span class='ocr_line' id='line_1_25' title="bbox 203 3174 1310 3259; baseline -0.005 -21"><span class='ocrx_word' id='word_1_205' title='bbox 203 3179 366 3238; x_wconf 83' lang='lat' dir='ltr'><strong>lectionem</strong></span> <span class='ocrx_word' id='word_1_206' title='bbox 380 3176 547 3252; x_wconf 77' lang='lat' dir='ltr'><strong>(lancnum,</strong></span> <span class='ocrx_word' id='word_1_207' title='bbox 569 3177 641 3259; x_wconf 85' lang='lat' dir='ltr'><strong>quie</strong></span> <span class='ocrx_word' id='word_1_208' title='bbox 655 3176 711 3235; x_wconf 82' lang='lat' dir='ltr'><strong>snb</strong></span> <span class='ocrx_word' id='word_1_209' title='bbox 726 3174 863 3236; x_wconf 85' lang='lat' dir='ltr'><strong>eiusdem</strong></span> <span class='ocrx_word' id='word_1_210' title='bbox 875 3175 1033 3234; x_wconf 88' lang='lat' dir='ltr'><strong>iustiniani</strong></span> <span class='ocrx_word' id='word_1_211' title='bbox 1043 3175 1085 3231; x_wconf 89' lang='lat' dir='ltr'><strong>M.</strong></span> <span class='ocrx_word' id='word_1_212' title='bbox 1100 3174 1227 3253; x_wconf 87' lang='lat' dir='ltr'><strong>imperio</strong></span> <span class='ocrx_word' id='word_1_213' title='bbox 1240 3191 1310 3233; x_wconf 81' lang='lat' dir='ltr'><strong>earn</strong></span> 
     </span>
     <span class='ocr_line' id='line_1_26' title="bbox 207 3271 1309 3362; baseline -0.005 -22"><span class='ocrx_word' id='word_1_214' title='bbox 207 3299 328 3362; x_wconf 86' lang='lat' dir='ltr'><strong>quoque</strong></span> <span class='ocrx_word' id='word_1_215' title='bbox 349 3277 496 3359; x_wconf 85' lang='lat' dir='ltr'><strong>prodiisse</strong></span> <span class='ocrx_word' id='word_1_216' title='bbox 515 3280 640 3338; x_wconf 89' lang='lat' dir='ltr'><strong>couiioio</strong></span> <span class='ocrx_word' id='word_1_217' title='bbox 655 3295 696 3336; x_wconf 84' lang='lat' dir='ltr'><strong>ex</strong></span> <span class='ocrx_word' id='word_1_218' title='bbox 709 3280 836 3358; x_wconf 84' lang='lat' dir='ltr'><strong>epistola</strong></span> <span class='ocrx_word' id='word_1_219' title='bbox 845 3271 950 3338; x_wconf 48' lang='lat' dir='ltr'><strong>‘eidem</strong></span> <span class='ocrx_word' id='word_1_220' title='bbox 962 3277 1045 3356; x_wconf 84' lang='lat' dir='ltr'><strong>operi</strong></span> <span class='ocrx_word' id='word_1_221' title='bbox 1059 3275 1208 3356; x_wconf 83' lang='lat' dir='ltr'><strong>praelixa,</strong></span> <span class='ocrx_word' id='word_1_222' title='bbox 1229 3293 1309 3357; x_wconf 86' lang='lat' dir='ltr'><strong>quae</strong></span> 
     </span>
     <span class='ocr_line' id='line_1_27' title="bbox 208 3378 1311 3462; baseline -0.005 -20"><span class='ocrx_word' id='word_1_223' title='bbox 208 3381 308 3442; x_wconf 89' lang='lat' dir='ltr'><strong>adhuc</strong></span> <span class='ocrx_word' id='word_1_224' title='bbox 321 3385 438 3459; x_wconf 82' lang='lat' dir='ltr'><strong>integra</strong></span> <span class='ocrx_word' id='word_1_225' title='bbox 454 3393 607 3462; x_wconf 84' lang='lat' dir='ltr'><strong>superest,</strong></span> <span class='ocrx_word' id='word_1_226' title='bbox 628 3378 670 3440; x_wconf 85' lang='lat' dir='ltr'><strong>ad</strong></span> <span class='ocrx_word' id='word_1_227' title='bbox 680 3381 856 3440; x_wconf 81' lang='lat' dir='ltr'><strong>Liberinnm</strong></span> <span class='ocrx_word' id='word_1_228' title='bbox 871 3381 1055 3460; x_wconf 83' lang='lat' dir='ltr'><strong>episcopum.</strong></span> <span class='ocrx_word' id='word_1_229' title='bbox 1099 3389 1129 3438; x_wconf 91' lang='lat' dir='ltr'><strong>et</strong></span> <span class='ocrx_word' id='word_1_230' title='bbox 1145 3397 1217 3438; x_wconf 85' lang='lat' dir='ltr'><strong>sana</strong></span> <span class='ocrx_word' id='word_1_231' title='bbox 1233 3380 1311 3437; x_wconf 79' lang='lat' dir='ltr'><strong>Cre-</strong></span> 
     </span>
     <span class='ocr_line' id='line_1_28' title="bbox 209 3479 1310 3564; baseline -0.004 -20"><span class='ocrx_word' id='word_1_232' title='bbox 209 3487 328 3544; x_wconf 86' lang='lat' dir='ltr'><strong>saeuius</strong></span> <span class='ocrx_word' id='word_1_233' title='bbox 345 3485 378 3542; x_wconf 92' lang='lat' dir='ltr'><strong>in</strong></span> <span class='ocrx_word' id='word_1_234' title='bbox 399 3503 435 3542; x_wconf 85' lang='lat' dir='ltr'><strong>ea</strong></span> <span class='ocrx_word' id='word_1_235' title='bbox 452 3481 525 3564; x_wconf 82' lang='lat' dir='ltr'><strong>dicit</strong></span> <span class='ocrx_word' id='word_1_236' title='bbox 542 3503 575 3543; x_wconf 84' lang='lat' dir='ltr'><strong>se</strong></span> <span class='ocrx_word' id='word_1_237' title='bbox 594 3503 754 3544; x_wconf 75' lang='lat' dir='ltr'><strong>excusasse</strong></span> <span class='ocrx_word' id='word_1_238' title='bbox 768 3485 806 3542; x_wconf 90' lang='lat' dir='ltr'><strong>ab</strong></span> <span class='ocrx_word' id='word_1_239' title='bbox 818 3485 954 3542; x_wconf 89' lang='lat' dir='ltr'><strong>iniuncto</strong></span> <span class='ocrx_word' id='word_1_240' title='bbox 969 3499 1075 3560; x_wconf 84' lang='lat' dir='ltr'><strong>opere,</strong></span> <span class='ocrx_word' id='word_1_241' title='bbox 1094 3479 1177 3561; x_wconf 87' lang='lat' dir='ltr'><strong>quod</strong></span> <span class='ocrx_word' id='word_1_242' title='bbox 1187 3481 1310 3540; x_wconf 83' lang='lat' dir='ltr'><strong>breria-</strong></span> 
     </span>
     <span class='ocr_line' id='line_1_29' title="bbox 208 3583 1311 3664; baseline -0.005 -16"><span class='ocrx_word' id='word_1_243' title='bbox 208 3588 288 3648; x_wconf 83' lang='lat' dir='ltr'><strong>rium</strong></span> <span class='ocrx_word' id='word_1_244' title='bbox 314 3585 470 3644; x_wconf 75' lang='lat' dir='ltr'><strong>Cdnomrn</strong></span> <span class='ocrx_word' id='word_1_245' title='bbox 495 3605 517 3643; x_wconf 81' lang='lat' dir='ltr'><strong><em>a</em></strong></span> <span class='ocrx_word' id='word_1_246' title='bbox 538 3587 603 3644; x_wconf 75' lang='lat' dir='ltr'><strong>viro</strong></span> <span class='ocrx_word' id='word_1_247' title='bbox 621 3587 853 3645; x_wconf 80' lang='lat' dir='ltr'><strong>reverentissimo</strong></span> <span class='ocrx_word' id='word_1_248' title='bbox 871 3583 1026 3644; x_wconf 59' lang='lat' dir='ltr'><strong>Ferentio</strong></span> <span class='ocrx_word' id='word_1_249' title='bbox 1050 3583 1311 3664; x_wconf 57' lang='lat' dir='ltr'><strong>Carthaginem}</strong></span> 
     </span>
     <span class='ocr_line' id='line_1_30' title="bbox 209 3685 1310 3770; baseline -0.005 -20"><span class='ocrx_word' id='word_1_250' title='bbox 209 3689 349 3750; x_wconf 74' lang='lat' dir='ltr'><strong>scelestius</strong></span> <span class='ocrx_word' id='word_1_251' title='bbox 370 3687 497 3745; x_wconf 74' lang='grc' dir='ltr'><em>ἄὶαοονιο</em></span> <span class='ocrx_word' id='word_1_252' title='bbox 522 3685 672 3766; x_wconf 57' lang='lat' dir='ltr'><strong>Qualem</strong></span> <span class='ocrx_word' id='word_1_253' title='bbox 691 3689 755 3746; x_wconf 81' lang='lat' dir='ltr'><strong>inm</strong></span> <span class='ocrx_word' id='word_1_254' title='bbox 768 3688 898 3769; x_wconf 80' lang='lat' dir='ltr'><strong>suerat,</strong></span> <span class='ocrx_word' id='word_1_255' title='bbox 929 3698 959 3747; x_wconf 90' lang='lat' dir='ltr'><strong>et</strong></span> <span class='ocrx_word' id='word_1_256' title='bbox 989 3685 1072 3770; x_wconf 89' lang='lat' dir='ltr'><strong>quod</strong></span> <span class='ocrx_word' id='word_1_257' title='bbox 1096 3697 1248 3746; x_wconf 74' lang='lat' dir='ltr'><strong>vereretur</strong></span> <span class='ocrx_word' id='word_1_258' title='bbox 1271 3707 1310 3745; x_wconf 84' lang='lat' dir='ltr'><strong>ns</strong></span> 
     </span>
     <span class='ocr_line' id='line_1_31' title="bbox 206 3789 1310 3870; baseline -0.002 -20"><span class='ocrx_word' id='word_1_259' title='bbox 206 3791 299 3850; x_wconf 81' lang='lat' dir='ltr'><strong>aliud</strong></span> <span class='ocrx_word' id='word_1_260' title='bbox 319 3791 504 3850; x_wconf 77' lang='lat' dir='ltr'><strong>breviarium</strong></span> <span class='ocrx_word' id='word_1_261' title='bbox 521 3789 703 3870; x_wconf 76' lang='lat' dir='ltr'><strong>exsequendo</strong></span> <span class='ocrx_word' id='word_1_262' title='bbox 724 3791 788 3852; x_wconf 75' lang='lat' dir='ltr'><strong>siste</strong></span> <span class='ocrx_word' id='word_1_263' title='bbox 799 3789 980 3870; x_wconf 69' lang='lat' dir='ltr'><strong>prudentiae</strong></span> <span class='ocrx_word' id='word_1_264' title='bbox 999 3789 1264 3869; x_wconf 65' lang='lat' dir='ltr'><strong>deprehenderem</strong></span> <span class='ocrx_word' id='word_1_265' title='bbox 1275 3791 1310 3848; x_wconf 81' lang='lat' dir='ltr'><strong>s‘rs</strong></span> 
     </span>
    </p>

    <p class='ocr_par' dir='ltr' id='par_1_3' title="bbox 186 3888 1328 4695">
     <span class='ocr_line' id='line_1_32' title="bbox 186 3888 1328 3975; baseline -0.005 -19"><span class='ocrx_word' id='word_1_266' title='bbox 186 3953 188 3956; x_wconf 86' lang='lat'>.</span> <span class='ocrx_word' id='word_1_267' title='bbox 205 3894 310 3975; x_wconf 78' lang='lat' dir='ltr'><strong>alt&#39;qno</strong></span> <span class='ocrx_word' id='word_1_268' title='bbox 324 3893 467 3973; x_wconf 57' lang='grc' dir='ltr'><strong>ἄθυρσιν</strong></span> <span class='ocrx_word' id='word_1_269' title='bbox 473 3913 487 3966; x_wconf 84' lang='grc'><strong>,·</strong></span> <span class='ocrx_word' id='word_1_270' title='bbox 511 3911 588 3972; x_wconf 86' lang='lat' dir='ltr'><strong>quae</strong></span> <span class='ocrx_word' id='word_1_271' title='bbox 604 3890 748 3975; x_wconf 85' lang='lat' dir='ltr'><strong>loquendi</strong></span> <span class='ocrx_word' id='word_1_272' title='bbox 760 3895 853 3968; x_wconf 88' lang='lat' dir='ltr'><strong>ratic,</strong></span> <span class='ocrx_word' id='word_1_273' title='bbox 873 3911 935 3951; x_wconf 90' lang='lat' dir='ltr'><strong>non</strong></span> <span class='ocrx_word' id='word_1_274' title='bbox 948 3912 1033 3952; x_wconf 84' lang='lat' dir='ltr'><strong>secus</strong></span> <span class='ocrx_word' id='word_1_275' title='bbox 1046 3911 1082 3950; x_wconf 88' lang='lat' dir='ltr'><strong>ec</strong></span> <span class='ocrx_word' id='word_1_276' title='bbox 1095 3893 1311 3971; x_wconf 66' lang='lat' dir='ltr'><strong>sapientissimi</strong></span> <span class='ocrx_word' id='word_1_277' title='bbox 1326 3888 1328 3898; x_wconf 58' lang='lat'><strong><em>⁴</em></strong></span> 
     </span>
     <span class='ocr_line' id='line_1_33' title="bbox 206 3977 1311 4076; baseline -0.005 -18"><span class='ocrx_word' id='word_1_278' title='bbox 206 4008 237 4058; x_wconf 83' lang='lat' dir='ltr'><strong>at</strong></span> <span class='ocrx_word' id='word_1_279' title='bbox 257 3994 438 4056; x_wconf 65' lang='lat' dir='ltr'><strong>ammian</strong></span> <span class='ocrx_word' id='word_1_280' title='bbox 456 3995 517 4054; x_wconf 62' lang='lat' dir='ltr'><strong>osii</strong></span> <span class='ocrx_word' id='word_1_281' title='bbox 536 3995 769 4075; x_wconf 85' lang='lat' dir='ltr'><strong>appellationes,</strong></span> <span class='ocrx_word' id='word_1_282' title='bbox 791 4015 870 4076; x_wconf 87' lang='lat' dir='ltr'><strong>quae</strong></span> <span class='ocrx_word' id='word_1_283' title='bbox 889 3992 1004 4054; x_wconf 78' lang='lat' dir='ltr'><strong>ibidem</strong></span> <span class='ocrx_word' id='word_1_284' title='bbox 1019 3977 1169 4055; x_wconf 75' lang='lat' dir='ltr'><strong>Ferrando</strong></span> <span class='ocrx_word' id='word_1_285' title='bbox 1185 3997 1311 4074; x_wconf 78' lang='lat' dir='ltr'><strong>insuper</strong></span> 
     </span>
     <span class='ocr_line' id='line_1_34' title="bbox 203 4095 1311 4174; baseline -0.004 -14"><span class='ocrx_word' id='word_1_286' title='bbox 203 4099 392 4174; x_wconf 86' lang='lat' dir='ltr'><strong>tribuuntur,</strong></span> <span class='ocrx_word' id='word_1_287' title='bbox 412 4095 608 4158; x_wconf 79' lang='lat' dir='ltr'><strong>vehementer</strong></span> <span class='ocrx_word' id='word_1_288' title='bbox 629 4095 758 4158; x_wconf 78' lang='lat' dir='ltr'><strong>suadent</strong></span> <span class='ocrx_word' id='word_1_289' title='bbox 781 4109 834 4158; x_wconf 81' lang='lat' dir='ltr'><strong>snt</strong></span> <span class='ocrx_word' id='word_1_290' title='bbox 857 4095 957 4156; x_wconf 84' lang='lat' dir='ltr'><strong>edhuc</strong></span> <span class='ocrx_word' id='word_1_291' title='bbox 977 4099 1011 4156; x_wconf 89' lang='lat' dir='ltr'><strong>in</strong></span> <span class='ocrx_word' id='word_1_292' title='bbox 1026 4099 1103 4158; x_wconf 82' lang='lat' dir='ltr'><strong>viris</strong></span> <span class='ocrx_word' id='word_1_293' title='bbox 1123 4096 1311 4157; x_wconf 78' lang='lat' dir='ltr'><strong>Ferrandsun</strong></span> 
     </span>
     <span class='ocr_line' id='line_1_35' title="bbox 203 4199 1310 4264; baseline -0.002 -2"><span class='ocrx_word' id='word_1_294' title='bbox 203 4203 299 4264; x_wconf 81' lang='lat' dir='ltr'><strong>fnisse</strong></span> <span class='ocrx_word' id='word_1_295' title='bbox 321 4211 374 4263; x_wconf 83' lang='lat' dir='ltr'><strong>sut</strong></span> <span class='ocrx_word' id='word_1_296' title='bbox 394 4201 504 4260; x_wconf 85' lang='lat' dir='ltr'><strong>saltem</strong></span> <span class='ocrx_word' id='word_1_297' title='bbox 523 4203 588 4262; x_wconf 86' lang='lat' dir='ltr'><strong>eius</strong></span> <span class='ocrx_word' id='word_1_298' title='bbox 607 4201 791 4262; x_wconf 82' lang='lat' dir='ltr'><strong>bueviarium</strong></span> <span class='ocrx_word' id='word_1_299' title='bbox 803 4199 864 4262; x_wconf 89' lang='lat' dir='ltr'><strong>non</strong></span> <span class='ocrx_word' id='word_1_300' title='bbox 879 4201 975 4260; x_wconf 89' lang='lat' dir='ltr'><strong>multo</strong></span> <span class='ocrx_word' id='word_1_301' title='bbox 988 4212 1058 4260; x_wconf 85' lang='lat' dir='ltr'><strong>ante</strong></span> <span class='ocrx_word' id='word_1_302' title='bbox 1071 4201 1166 4261; x_wconf 79' lang='lat' dir='ltr'><strong>fuisso</strong></span> <span class='ocrx_word' id='word_1_303' title='bbox 1182 4199 1310 4260; x_wconf 85' lang='lat' dir='ltr'><strong>editum.</strong></span> 
     </span>
     <span class='ocr_line' id='line_1_36' title="bbox 203 4301 1313 4386; baseline -0.002 -22"><span class='ocrx_word' id='word_1_304' title='bbox 203 4306 267 4364; x_wconf 87' lang='lat' dir='ltr'><strong>iam</strong></span> <span class='ocrx_word' id='word_1_305' title='bbox 290 4323 362 4366; x_wconf 82' lang='lat' dir='ltr'><strong>vero</strong></span> <span class='ocrx_word' id='word_1_306' title='bbox 383 4323 477 4386; x_wconf 81' lang='lat' dir='ltr'><strong>quern</strong></span> <span class='ocrx_word' id='word_1_307' title='bbox 499 4305 574 4365; x_wconf 83' lang='lat' dir='ltr'><strong>lutet</strong></span> <span class='ocrx_word' id='word_1_308' title='bbox 594 4305 649 4366; x_wconf 78' lang='lat' dir='ltr'><strong>suls</strong></span> <span class='ocrx_word' id='word_1_309' title='bbox 670 4307 798 4385; x_wconf 87' lang='lat' dir='ltr'><strong>imperio</strong></span> <span class='ocrx_word' id='word_1_310' title='bbox 818 4305 979 4363; x_wconf 86' lang='lat' dir='ltr'><strong>iustiniani</strong></span> <span class='ocrx_word' id='word_1_311' title='bbox 999 4305 1103 4382; x_wconf 84' lang='lat' dir='ltr'><strong>Magni</strong></span> <span class='ocrx_word' id='word_1_312' title='bbox 1123 4301 1313 4362; x_wconf 82' lang='lat' dir='ltr'><strong>Ferruudum</strong></span> 
     </span>
     <span class='ocr_line' id='line_1_37' title="bbox 202 4405 1313 4488; baseline -0.005 -20"><span class='ocrx_word' id='word_1_313' title='bbox 202 4405 363 4468; x_wconf 78' lang='lat' dir='ltr'><strong>floruisse‘l</strong></span> <span class='ocrx_word' id='word_1_314' title='bbox 406 4408 465 4468; x_wconf 83' lang='lat' dir='ltr'><strong>fuit</strong></span> <span class='ocrx_word' id='word_1_315' title='bbox 489 4409 572 4466; x_wconf 83' lang='lat' dir='ltr'><strong>enim</strong></span> <span class='ocrx_word' id='word_1_316' title='bbox 591 4407 626 4468; x_wconf 85' lang='lat' dir='ltr'><strong>S.</strong></span> <span class='ocrx_word' id='word_1_317' title='bbox 640 4409 793 4488; x_wconf 83' lang='lat' dir='ltr'><strong>Fulgentii</strong></span> <span class='ocrx_word' id='word_1_318' title='bbox 814 4408 946 4488; x_wconf 84' lang='lat' dir='ltr'><strong>episcopi</strong></span> <span class='ocrx_word' id='word_1_319' title='bbox 962 4409 1127 4488; x_wconf 86' lang='lat' dir='ltr'><strong>lluapausis</strong></span> <span class='ocrx_word' id='word_1_320' title='bbox 1147 4408 1180 4464; x_wconf 93' lang='lat' dir='ltr'><strong>in</strong></span> <span class='ocrx_word' id='word_1_321' title='bbox 1200 4425 1313 4464; x_wconf 86' lang='lat' dir='ltr'><strong>mons·-</strong></span> 
     </span>
     <span class='ocr_line' id='line_1_38' title="bbox 203 4506 1313 4594; baseline -0.002 -24"><span class='ocrx_word' id='word_1_322' title='bbox 203 4512 294 4572; x_wconf 87' lang='lat' dir='ltr'><strong>sterio</strong></span> <span class='ocrx_word' id='word_1_323' title='bbox 308 4508 466 4572; x_wconf 71' lang='lat' dir='ltr'><strong>Sardiniae</strong></span> <span class='ocrx_word' id='word_1_324' title='bbox 480 4510 651 4582; x_wconf 75' lang='lat' dir='ltr'><strong>Galeritano</strong></span> <span class='ocrx_word' id='word_1_325' title='bbox 665 4508 830 4592; x_wconf 86' lang='lat' dir='ltr'><strong>discipulus</strong></span> <span class='ocrx_word' id='word_1_326' title='bbox 842 4529 852 4585; x_wconf 69' lang='grc' dir='ltr'><strong>ς</strong></span> <span class='ocrx_word' id='word_1_327' title='bbox 875 4521 906 4570; x_wconf 83' lang='lat' dir='ltr'><strong>et</strong></span> <span class='ocrx_word' id='word_1_328' title='bbox 921 4527 991 4570; x_wconf 86' lang='lat' dir='ltr'><strong>oum</strong></span> <span class='ocrx_word' id='word_1_329' title='bbox 1003 4511 1037 4570; x_wconf 84' lang='lat' dir='ltr'><strong>S.</strong></span> <span class='ocrx_word' id='word_1_330' title='bbox 1051 4510 1229 4594; x_wconf 72' lang='lat' dir='ltr'><strong>Balgantius</strong></span> <span class='ocrx_word' id='word_1_331' title='bbox 1245 4506 1313 4568; x_wconf 81' lang='lat' dir='ltr'><strong>kal.</strong></span> 
     </span>
     <span class='ocr_line' id='line_1_39' title="bbox 202 4609 1314 4695; baseline -0.004 -22"><span class='ocrx_word' id='word_1_332' title='bbox 202 4616 269 4674; x_wconf 88' lang='lat' dir='ltr'><strong>lan.</strong></span> <span class='ocrx_word' id='word_1_333' title='bbox 284 4633 313 4675; x_wconf 88' lang='lat' dir='ltr'><strong>e.</strong></span> <span class='ocrx_word' id='word_1_334' title='bbox 327 4615 383 4676; x_wconf 80' lang='lat' dir='ltr'><strong>sal.</strong></span> <span class='ocrx_word' id='word_1_335' title='bbox 398 4615 460 4682; x_wconf 76' lang='lat'><strong>538</strong></span> <span class='ocrx_word' id='word_1_336' title='bbox 472 4624 602 4676; x_wconf 85' lang='lat' dir='ltr'><strong>mortam</strong></span> <span class='ocrx_word' id='word_1_337' title='bbox 613 4613 739 4695; x_wconf 85' lang='lat' dir='ltr'><strong>obierit,</strong></span> <span class='ocrx_word' id='word_1_338' title='bbox 761 4611 898 4676; x_wconf 86' lang='lat' dir='ltr'><strong>eiusdem</strong></span> <span class='ocrx_word' id='word_1_339' title='bbox 919 4615 1015 4677; x_wconf 84' lang='lat' dir='ltr'><strong>ritum</strong></span> <span class='ocrx_word' id='word_1_340' title='bbox 1032 4609 1190 4692; x_wconf 81' lang='lat' dir='ltr'><strong>descripsit</strong></span> <span class='ocrx_word' id='word_1_341' title='bbox 1204 4621 1235 4670; x_wconf 86' lang='lat' dir='ltr'><strong>et</strong></span> <span class='ocrx_word' id='word_1_342' title='bbox 1251 4612 1314 4669; x_wconf 73' lang='lat' dir='ltr'><strong>lle·-</strong></span> 
     </span>
    </p>
   </div>
   <div class='ocr_carea' id='block_1_3' title="bbox 0 0 1392 5146">
    <p class='ocr_par' dir='ltr' id='par_1_4' title="bbox 0 0 1392 5146">
     <span class='ocr_line' id='line_1_40' title="bbox 0 0 1392 5146; baseline 0 0"><span class='ocrx_word' id='word_1_343' title='bbox 0 0 1392 5146; x_wconf 95' lang='lat' dir='ltr'><strong> </strong></span> 
     </span>
    </p>
   </div>
  </div>
 </body>
</html>
