2768 5146
181 1047 705 1165 IMMANUELIS
745 1045 1097 1176 BEKKERI

238 1393 244 1402 ι
374 1241 889 1350 -Pusnssuro

93 1682 171 1820 Qui
189 1721 263 1790 hoe
285 1720 461 1792 volumino
483 1717 816 1814 comprehenduntur
837 1723 962 1811 poetae
981 1721 1016 1786 et
1035 1721 1145 1787 octale
1167 1725 1202 1786 et

93 1849 297 1934 orgum-to
317 1841 406 1910 inter
426 1863 463 1910 se
483 1841 624 1929 similes,
651 1840 799 1910 criticum
815 1846 943 1906 mutum
958 1837 1054 1906 abest
1066 1843 1106 1906 rt
1117 1861 1202 1932 per·

92 1958 170 2028 inde
188 1959 375 2028 habuerint
393 1961 593 2054 propitiam,
619 1967 658 2028 ut
675 1957 906 2028 Merobaudes
931 1955 1029 2027 simul
1051 1957 1203 2029 inventus

93 2076 181 2147 silet
195 2079 426 2150 sollertissime
442 2090 511 2149 tum
526 2079 722 2150 emendatus
736 2102 837 2170 quum
853 2079 1040 2172 suppletus,
1057 2075 1203 2172 Corippi

93 2207 249 2268 neutrum
269 2222 424 2290 carmen,
449 2223 514 2270 nec
532 2199 626 2292 quod
641 2209 719 2270 onte
735 2221 845 2272 annos,
859 2197 1021 2268 ducentos
1035 2197 1204 2290 quinquu-

94 2317 189 2410 gintn
200 2318 412 2414 publicatum
427 2311 609 2390 multorum
625 2317 819 2390 industrium
838 2318 1001 2412 exercuit,
1026 2339 1091 2387 uec
1107 2317 1202 2407 quod

95 2459 207 2530 nuper
229 2427 404 2532 repertum
426 2459 470 2508 ex
487 2441 585 2510 unius
602 2440 753 2510 munibus
764 2437 907 2534 prodiit,
934 2445 992 2505 nul
1008 2433 1203 2509 fucile'sotis
1341 2531 1344 2552 ἶ

95 2566 154 2625 aut
171 2565 244 2626 tulo
265 2558 409 2651 legatur.
461 2582 525 2628 neo
548 2561 676 2630 mireris
696 2561 842 2650 iniquam
863 2537 1043 2628 Africanae
1055 2581 1202 2653 poeseos

98 2674 347 2765 conrlicionem,
376 2678 405 2748 si
425 2682 633 2772 reputaveris
653 2681 743 2774 fetus
764 2679 835 2748 eius
855 2677 1003 2770 singulos
1023 2679 1160 2770 singulis
1182 2700 1202 2745 e

94 2795 188 2888 libris
203 2798 417 2890 provenisse,
443 2800 550 2890 iisque
563 2823 626 2869 nec
642 2799 743 2868 valde
757 2797 852 2866 bonis
867 2819 978 2888 neque
995 2821 1016 2864 o
1031 2819 1203 2888 quoquam

93 2917 252 3010 inspectis
268 2927 347 3011 post
360 2920 488 3012 primos
503 2919 666 3005 editores,
689 2917 843 2998 homiues
859 2917 1111 2986 litteratissimos
1125 2915 1201 2988 illos

94 3031 252 3128 quidem,
287 3037 350 3108 sed
376 3041 435 3130 qui
456 3039 633 3109 Niebuhrii
653 3038 825 3131 ingenium
845 3059 915 3108 non
936 3038 1200 3132 aequipararent.

93 3155 219 3226 horum
231 3181 299 3251 ego
312 3158 577 3229 mediocritatem
590 3181 657 3228 non
669 3167 804 3230 evectus
817 3159 910 3227 locos
923 3161 1100 3252 corruptos
1110 3182 1202 3252 puu-

96 3299 155 3346 cos
175 3279 271 3371 attigi
290 3279 399 3369 etqui
416 3279 686 3349 emendationem
704 3288 830 3347 certum
847 3276 975 3347 hebere
991 3278 1202 3349 viderentur:
1318 3375 1321 3386 1

94 3384 457 3488 plnres‘Lechmsnno
477 3399 699 3469 restituendos
720 3398 973 3481 commendavi,
999 3421 1125 3493 magna
1139 3423 1207 3494 spe,

94 3538 161 3585 nec
182 3516 276 3587 fusa.
336 3519 575 3588 commentaris
593 3519 705 3610 qualia
727 3519 836 3588 inveni
854 3519 992 3608 reliqui,
1025 3521 1087 3590 uisi
1106 3521 1201 3611 quod

95 3635 266 3722 ordinem,
292 3637 400 3707 sicubi
419 3639 528 3708 minus
551 3637 749 3709 commodus
765 3647 868 3727 esset,
894 3638 1083 3729 immutavi,
1109 3641 1203 3711 velut
1288 3633 1300 3662 ⁸

95 3757 223 3825 codicis
243 3757 440 3829 Trivultinni
461 3760 620 3830 lectiones
643 3759 749 3829 textui
765 3759 892 3828 subieci
910 3768 945 3828 et
959 3783 1047 3850 quoe
1061 3761 1201 3845 Ruizins

93 3875 317 3970 Dempsterus
330 3877 488 3950 Burtlrins
503 3880 745 3951 Rittershusius
757 3879 929 3950 Vonclsius
943 3878 1135 3974 Pogginius
1156 3879 1201 3947 de

96 3996 219 4065 eodem
238 4019 338 4067 versu
359 3999 607 4094 edsmipsersnt
621 4024 690 4071 non
706 4023 780 4072 sum
795 4024 915 4095 pessus
933 4000 1056 4071 divelli.
1108 4001 1204 4067 locos

93 4112 318 4218 Virgilianos,
349 4143 435 4216 quos
459 4123 621 4215 plurimos
644 4121 754 4192 stlulit
775 4119 1079 4206 Marrucchellius,
1112 4115 1202 4186 iudi-

94 4237 188 4324 orri,
209 4257 282 4307 non
301 4247 392 4312 totos
407 4244 519 4338 posui.
569 4243 749 4336 perioches
764 4242 900 4342 ulterius
914 4238 1067 4316 carminis
1080 4235 1203 4335 invitus
1350 4273 1352 4278 ¹

142 4360 243 4416 uerso.
264 4370 290 4418 ιι
307 4359 373 4420 cor.
514 4355 699 4444 89:314
975 4361 994 4422 t
