2834 5138
143 703 155 718 ,
208 638 280 712 tac
324 741 326 744 Ι
511 637 681 706 cornu
701 639 759 706 on
783 638 1003 706 Lamnus·

293 813 326 862 ut
338 798 423 862 decet
433 803 551 884 imperii
563 823 650 864 veros
658 799 819 882 disponere
832 813 941 883 patres,

292 915 384 986 utque
396 903 488 984 pedes
503 909 637 986 proprios
653 915 683 963 et
698 905 833 963 membra
847 907 963 964 minore
977 903 1086 962 fovete.

291 1025 354 1064 uon
368 1008 467 1066 minor
482 1017 527 1066 est
539 1007 682 1064 membris
698 1026 767 1064 cura
782 1003 983 1085 impendenda
993 1007 1126 1072 miuutlu

209 1109 271 1175 220
291 1108 468 1188 obsequium
481 1107 608 1188 pedibus
621 1117 744 1166 natum
758 1108 825 1186 lege
838 1105 976 1180 videmus

211 1219 226 1260 ν’
293 1207 428 1270 adrectae
441 1211 583 1288 praebere
594 1227 715 1282 meum,
739 1209 900 1289 oculosque
913 1211 1064 1269 ministros

292 1313 442 1370 cernimus
457 1308 665 1394 saepedum,
689 1311 796 1390 quibus
812 1312 951 1369 inierioru
964 1321 1093 1368 tuemur.

293 1423 363 1472 ante
377 1409 471 1494 pedes
484 1407 605 1492 planete
619 1413 698 1477 viaet
719 1430 758 1468 ne
771 1413 895 1470 temnite
909 1423 1026 1490 pestem

291 1517 409 1594 snegnis
423 1514 528 1588 officiis
540 1515 724 1592 summisque
739 1513 890 1572 laboribus
905 1523 1016 1592 aptam,

207 1613 270 1682 225
293 1636 352 1698 qua
367 1613 486 1675 vehitur
498 1626 594 1676 totum
607 1634 725 1675 summo
741 1633 810 1672 cum
825 1619 935 1674 vertice
951 1629 1068 1693 corpus.

276 1719 277 1722 ’
293 1720 347 1798 qui
362 1716 490 1798 pedibus
505 1723 593 1778 rectis
608 1716 756 1797 graditur,
778 1717 858 1782 mele
872 1718 955 1774 nulla
970 1726 1098 1790 veretur,

293 1837 354 1876 non
368 1817 455 1878 timet
468 1818 628 1880 offensum:
650 1805 745 1880 nescit
758 1821 807 1877 viu
821 1828 901 1876 recta
915 1821 1043 1877 urinam.

293 1923 366 2000 quin
382 1932 510 1980 etoauea
525 1923 569 1980 rei
583 1923 720 1982 cantuset
735 1917 870 1980 emunda
886 1917 1009 1976 diurno:
1060 1995 1061 1998 Ἴ

293 2021 394 2082 nullus
406 2021 466 2080 riie
482 2032 580 2100 putet,
608 2021 690 2103 quod
703 2025 785 2082 norit
800 2021 930 2100 corporis
943 2039 1018 2080 esse.

208 2124 272 2188 280
294 2124 334 2181 sit
349 2133 618 2202 nemuspatrium,
641 2127 679 2184 sit
693 2123 850 2203 disciplina
865 2142 920 2202 per
932 2121 1046 2194 orbem.

292 2226 447 2302 priventur
461 2195 565 2284 caedes
576 2228 770 2304 populorum,
791 2226 887 2302 iurgio
903 2234 1029 2284 cessent·

293 2326 395 2384 nullus
407 2324 547 2384 laedendi
558 2337 659 2406 pateat
672 2329 772 2402 locus,
793 2307 865 2386 usus
878 2328 999 2404 iniquae

294 2435 389 2485 cesset
404 2430 554 2487 avaritiae.
597 2429 737 2487 subiectis
748 2429 859 2507 percite
872 2428 990 2500 uostris,

294 2528 371 2586 oolla
384 2529 580 2606 superborum
593 2531 779 2608 confringite.
823 2529 909 2606 culpa
925 2535 1066 2585 nocentes

209 2617 272 2694 285
294 2631 399 2708 puniet
412 2631 478 2709 ipsa
491 2649 577 2706 suos,
600 2642 754 2690 serventur
771 2633 836 2690 iura
853 2631 972 2709 qinetis.

293 2729 354 2790 huc
371 2750 457 2788 aures
472 2739 642 2812 totamque,
663 2735 735 2808 riri,
761 2731 906 2792 deflectite
921 2740 1063 2811 mentun,

295 2852 432 2914 quaeque
445 2835 501 2908 sit,
523 2854 564 2892 ex
578 2833 681 2910 dictis,
702 2838 794 2894 vestri
805 2853 887 2912 spes,
911 2831 1014 2890 discite
1030 2831 1150 2892 nostrie·

293 2935 441 3014 agricolae
456 2953 509 2992 sua
523 2955 591 2994 rura
606 2937 724 3012 colunt,
745 2937 886 3016 cultuque
898 2933 1010 2994 diurno

293 3035 455 3113 implorant
469 3037 596 3114 frocum,
619 3048 648 3097 et
663 3049 773 3098 terram
786 3057 905 3097 vomere
921 3033 1047 3109 findunt,

209 3131 272 3200 240
294 3133 495 3217 dividiturque
509 3136 596 3198 bonis
610 3149 710 3217 gretan
722 3141 808 3198 labor
818 3140 870 3197 ille
882 3138 1012 3198 colonis:

294 3258 364 3317 pars
379 3236 487 3295 scindit
500 3240 620 3318 glebas,
641 3261 710 3320 pers
723 3224 814 3300 sulcis
825 3242 940 3298 semina
951 3235 1086 3312 mandat,

296 3358 366 3419 pars
381 3337 512 3419 liquidas
526 3339 645 3400 deducit
660 3362 753 3424 aquas
767 3341 927 3422 hortosque
944 3343 1074 3400 virentes

296 3443 400 3519 irrigat
414 3458 448 3498 ac
459 3445 561 3501 tractis
574 3445 662 3501 satiat
674 3447 808 3522 pomaria
824 3446 906 3502 riuis·
979 3445 983 3452 ’

295 3544 379 3600 novit
393 3543 473 3600 culta
485 3563 555 3602 euos
569 3529 658 3602 tellus
671 3544 765 3603 ditare
779 3547 915 3604 colonost

210 3639 273 3708 245
294 3646 337 3702 sic
350 3644 426 3702 bene
440 3645 616 3723 promeritos
632 3641 717 3706 donis
732 3647 899 3725 respublica
913 3642 998 3719 ditat,

295 3756 373 3805 tenu
390 3745 472 3802 velut
483 3747 621 3823 pingans3
645 3749 728 3804 ouius
739 3765 808 3824 spes
821 3766 930 3826 inagna
944 3755 1066 3805 senatus

294 3843 345 3904 hio
361 3847 445 3904 iloret
460 3850 583 3923 virtute,
605 3847 680 3922 lide,
703 3851 861 3925 gravitate,
885 3852 993 3926 rigore.

293 3946 372 4007 hanc
387 3949 557 4029 quicunque
573 3949 690 4024 colunt,
709 3950 839 4010 multrun
851 3949 998 4010 mercedis
1014 3946 1175 4010 habebunt.

295 4049 378 4130 quod
392 4049 456 4108 fisci
471 4059 530 4125 est,
541 4099 543 4102 .
555 4051 656 4109 nrillus
673 4054 784 4129 rapiat:
807 4054 976 4129 cognoscite
992 4051 1097 4112 fiscum

211 4149 273 4216 260
294 4153 405 4210 ventris
420 4147 530 4208 habere
544 4151 660 4227 locum,
678 4173 732 4232 per
746 4172 838 4233 quem
852 4157 953 4212 omnia
965 4156 1100 4214 membra
1114 4155 1262 4218 cibantur.

296 4265 401 4313 venter
416 4253 470 4309 ulit
485 4271 609 4332 corpus:
632 4255 722 4314 luerit
736 4258 763 4314 si
774 4267 879 4314 venter
891 4258 999 4330 manis,

295 4357 396 4416 omnia
408 4352 564 4428 deliciunt,
585 4364 745 4415 tenuantur
760 4358 863 4416 robore
878 4357 1025 4432 membra,
1057 4343 1058 4348 ἵ

296 4467 327 4514 et
344 4465 491 4514 contracte
507 4459 606 4536 rIgent
619 4459 770 4517 arentibus
786 4479 852 4518 ossa
866 4455 1019 4519 medullis.

295 4559 396 4618 camna
411 4557 562 4620 sufficiunt
577 4561 685 4640 sacrati
697 4559 854 4621 commoda
867 4560 941 4635 fisci,
