2768 5146
522 297 768 380 amatio.
1141 325 1200 388 aix

96 473 363 538 taruenhabentur
377 495 443 538 raro
457 489 488 538 ut
500 480 554 540 vix
567 499 638 540 cesu
650 481 749 541 ubivis
760 479 897 560 gentium
908 477 1012 541 eorum
1024 473 1148 566 aliquod
1160 503 1201 546 ex

97 591 146 640 tot
155 577 342 642 editionibus
357 583 543 660 'exemplum
564 601 677 644 renum
696 585 869 662 expositum
888 587 1011 663 reperiri
1036 589 1199 666 confinget,

97 685 192 765 quelle
208 680 356 742 londatse
371 683 541 768 Appendici
558 687 697 766 corporis
712 684 855 746 historiae
871 688 1056 768 Byzantluse
1071 691 1200 750 interse-

99 788 155 862 rui,
176 789 344 866 seperatim
366 790 475 864 etiem,
497 807 557 870 que
580 789 664 849 tides
686 790 800 864 iouua,
823 789 958 847 emittere
974 795 1122 872 pptimum
1135 779 1216 853 foro„

99 887 186 965 duxi,
207 899 243 949 ut
264 891 299 950 ln
324 893 435 950 seriem
455 891 664 969 classicorum,
687 892 739 973 qui
762 893 842 950 uotis
866 893 1017 952 variorum
1032 892 1106 954 editi
1119 905 1200 970 sunt,

99 991 240 1071 corippus
266 989 362 1052 etism
384 995 490 1056 referri
508 1003 599 1075 queat
619 985 650 1054 et
667 995 766 1072 magis
783 995 959 1053 unuesut.
1002 995 1202 1076 nequeenim
1321 1003 1323 1020 ¹

99 1093 294 1156 litteratonnn
306 1095 471 1159 hominum·
479 1099 557 1157 curis
570 1099 672 1156 minus
686 1095 771 1176 digni
782 1097 988 1178 sunt'Gorippi
1002 1099 1083 1176 liba
1113 1100 1202 1178 plura

99 1195 133 1254 in
152 1199 193 1256 eis
214 1209 302 1256 acute
316 1209 460 1280 conceptu
475 1209 507 1258 et
522 1201 676 1278 eleganter
689 1197 768 1258 dicta
784 1195 1008 1277 deprehendes3
1028 1211 1201 1282 praeterea·

101 1317 155 1380 que
174 1299 311 1380 locuples
331 1303 419 1361 'testis
442 1312 488 1362 est
511 1301 657 1382 Corippus
677 1302 842 1362 multarum
859 1321 960 1361 rerum
973 1295 1117 1383 temporis
1134 1305 1201 1382 aui3
1244 1325 1247 1334 ’

101 1417 155 1482 qua
174 1400 213 1460 de
233 1423 267 1462 re
290 1406 356 1464 eius
377 1405 554 1466 auctoritate
578 1414 608 1463 et
626 1401 686 1462 fide
708 1423 770 1463 nou
793 1405 891 1463 semel
907 1423 979 1464 osus
994 1416 1040 1464 eet
1053 1407 1201 1466 Beronius

100 1505 199 1563 stetim
220 1524 256 1566 ac
274 1507 310 1564 in
331 1507 433 1566 lucem
454 1505 584 1587 prodiit3
607 1517 637 1566 et
650 1523 727 1566 mox
740 1503 807 1565 loh.
821 1507 928 1566 Petrus
943 1507 988 1564 De
1003 1507 1149 1590 Ludewig
1166 1511 1200 1570 in

101 1607 162 1670 eius
187 1609 481 1670 commendationem
507 1610 643 1690 scripsit:
682 1609 801 1668 utinam
832 1609 998 1687 Complures,
1025 1611 1201 1693 Africanus

98 1709 205 1788 putta,
237 1723 313 1772 esset
334 1715 369 1772 irs
383 1713 525 1792 plurium
545 1709 707 1770 morsibual·
737 1711 793 1771 sed
809 1713 873 1770 sisa
892 1711 1026 1794 exemplo
1046 1714 1155 1774 Itonia·
1173 1722 1203 1774 et

102 1813 295 1874 meduaci
307 1797 369 1874 nors
383 1817 428 1876 ito
443 1814 543 1875 obvs'cs.
587 1795 716 1875 meretur
731 1825 806 1873 certe
821 1815 848 1873 ie
855 1814 949 1896 pce'ta
965 1814 1069 1874 recudi
1074 1837 1087 1890 ;
1110 1815 1201 1896 idque

103 1915 136 1975 ob
152 1915 261 1996 plures
280 1940 400 1980 cumae.
445 1939 519 1978 nom
543 1917 710 1977 Iustiniani
726 1916 832 1978 lauder
843 1921 944 1992 canit,
963 1939 1012 1979 rer
1023 1901 1135 1977 Inoas
1147 1917 1201 1978 de-

101 2019 202 2078 scribit
217 2023 415 2094 suoceceors's,
435 2023 526 2104 r'dqru
544 2024 696 2103 r'rrgenroae
708 2022 949 2103 prudenterque,
970 2031 1006 2082 ut
1024 2021 1115 2080 liceat
1131 2021 1201 2080 inde

102 2144 184 2184 nosce
197 2125 331 2187 curtabit
345 2137 410 2184 tum
424 2127 499 2186 vitia
512 2135 576 2186 tum
588 2127 712 2184 virtutes
729 2123 941 2208 solemnique.
986 2122 1094 2206 quodsi
1110 2109 1202 2186 Nico-

101 2225 166 2286 laos
179 2229 384 2303 Alemuunus,
410 2225 611 2286 bibliothecae
624 2229 784 2288 vaticanae
801 2227 874 2288 olim
888 2228 1075 2308 praefectus,
1097 2224 1203 2286 deces-

101 2348 264 2407 seruiens,
285 2329 368 2390 hanc
381 2332 450 2394 tulit
466 2329 609 2390 adversus
624 2332 787 2412 corippum
800 2349 958 2390 censuram
970 2330 1003 2389 iu
1018 2331 1211 2411 praefatione

102 2429 140 2490 sd
152 2435 290 2514 Procopii
305 2435 506 2494 Caesariensis
519 2433 612 2493 libros
627 2433 680 2514 qni
694 2427 840 2497 ἄνέκῦοτα
854 2434 977 2493 inscribi
991 2435 1103 2509 solent,
1120 2423 1204 2491 ‘'Co-

100 2539 205 2615 nprpua
219 2547 283 2598 tom
296 2537 484 2617 improvidus
499 2547 540 2595 ert
553 2536 720 2596 Iustiniani
733 2545 824 2617 utque
834 2535 946 2597 Iuctirtr‘
957 2535 1100 2594 adulator
1111 2553 1205 2614 quam

101 2636 175 2696 lavis
183 2641 301 2718 poeto.-
323 2642 357 2699 in
370 2639 496 2698 alterius
507 2639 586 2697 enirn
599 2635 742 2699 laudibus
756 2638 909 2698 excultum
926 2637 1052 2697 clarore
1071 2638 1104 2694 in
1121 2637 1205 2694 viae·

96 2743 286 2820 peromnem
306 2741 422 2804 labitur
440 2744 581 2801 ἰηεαιιίτιε
599 2739 651 2800 νεὶ
663 2742 767 2819 potius
787 2741 937 2801 adductio
955 2732 1117 2814 veritate,”
1137 2737 1205 2804 aut,-

99 2843 280 2906 madvertaa'
296 2847 367 2906 volo
390 2848 490 2906 vimm
514 2846 687 2925 ceteroquin
712 2847 851 2923 egregiae
863 2841 974 2903 indolis
987 2851 1017 2900 et
1030 2839 1206 2930 eruditionis

99 2949 145 3006 lta
164 2949 294 3008 sensisse
315 2953 418 3011 nescio
442 2969 502 3032 qno
524 2948 681 3027 abreptum
697 2949 730 3004 in
743 2949 941 3005 lastinianum
953 2945 1069 3021 lurore,
1090 2944 1205 3023 princi-

98 3071 171 3131 pem
190 3053 326 3132 profeoto
341 3073 403 3114 nou
417 3055 481 3113 sine
497 3051 616 3130 maguis
631 3051 729 3125 vitiis,
751 3046 806 3108 sed
824 3048 928 3107 madiis
946 3067 1065 3130 quoque
1082 3047 1203 3107 virtuti

98 3153 158 3212 bos
171 3157 377 3235 conspicuum.
418 3157 446 3214 is
458 3156 543 3214 iterur
555 3152 653 3212 effecit
664 3163 699 3210 ut
710 3154 896 3212 Alemannus
907 3171 946 3209 ne
957 3152 1120 3230 (lorippum
1131 3151 1204 3231 qui-

102 3253 174 3314 dem
195 3259 301 3339 aequis
323 3259 417 3318 ortilis
439 3260 571 3337 aspicere
590 3257 734 3337 potuerit,
757 3257 828 3336 qula
841 3257 957 3334 poetico
972 3253 1105 3336 quodam
1118 3264 1203 3314 aestu

102 3370 134 3419 et
148 3359 316 3421 secundum
331 3363 443 3421 saeculi
454 3363 502 3420 eui
513 3379 630 3418 morem
645 3355 748 3418 effluis
759 3357 899 3418 laudibus
912 3360 1109 3418 lastinianum
1122 3358 1205 3426 cele-

101 3463 212 3522 brarit.
257 3474 391 3526 cetennu
410 3465 580 3523 criticorum
600 3465 736 3522 omnium
752 3463 920 3521 communis
935 3470 982 3520 est
997 3479 1122 3537 census,
1145 3461 1206 3521 Go-

101 3567 224 3646 rippnm
240 3586 299 3626 uec
316 3568 511 3626 invenustum
530 3585 595 3625 esse
614 3570 738 3648 poetam
752 3584 809 3624 nec
828 3566 946 3640 lerem3
971 3574 1001 3623 et
1021 3565 1118 3624 solens
1132 3583 1207 3643 pm·

103 3665 240 3750 densque
255 3689 362 3730 censeo
375 3671 511 3729 futurum
522 3667 587 3728 iore
605 3677 639 3726 ut
653 3686 713 3748 quo
729 3666 915 3727 emendatior
928 3667 1065 3748 legetur,
1089 3686 1125 3725 eo
1139 3685 1208 3726 rua-

103 3773 153 3850 gis
169 3771 361 3852 dignoscatur
374 3772 513 3852 elegans,
536 3781 566 3830 et
575 3770 670 3850 plens
684 3769 794 3850 diguus
807 3781 841 3830 nt
853 3771 899 3830 illi
911 3772 990 3830 iuter
1004 3771 1145 3852 aequales
1159 3789 1210 3827 re-

103 3893 200 3952 guum
217 3877 369 3954 poeticum
381 3875 516 3936 conferre
528 3893 589 3934 uon
604 3875 668 3933 sine
685 3875 800 3935 ratione
813 3875 930 3954 possis,
951 3872 1119 3936 sectmdum
1131 3873 1209 3928 Ber-

103 3974 163 4034 tliii
174 3975 336 4053 iudicium,
359 3979 412 4058 qui
426 3975 485 4036 hoc
498 3979 589 4036 etlam
603 3979 753 4056 sapienter
769 3974 871 4052 addit,
894 3977 1015 4056 Corlppi
1026 3975 1120 4033 libros
1134 3971 1209 4029 ulti-

104 4099 172 4138 mos
192 4099 257 4139 esse
280 4081 469 4161 eloquentiae
491 4083 646 4142 Romanae
669 4089 804 4142 conatus.
846 4091 879 4138 et
899 4097 971 4137 eene
994 4075 1153 4137 manifesto
1176 4091 1210 4132 se

103 4177 207 4258 prodit
227 4183 259 4239 iu
280 4182 409 4242 lectione
425 4183 572 4246 ‘librorum
586 4185 705 4263 Virgilii
720 4185 855 4264 apprime
870 4191 1023 4240 versatum
1040 4187 1071 4235 et
1087 4175 1211 4254 gentilis
1254 4191 1255 4196 ’

103 4284 158 4341 sui
181 4289 286 4364 putta&
309 4283 469 4352 Claudiai
487 4287 686 4368 imitatorem,
714 4287 799 4352 orins
824 4281 971 4346 sublicaes
988 4279 1125 4359 uolatu,
1152 4277 1210 4340 aot
