2768 5174
426 637 485 706 oa
509 635 718 706 ntonnos
742 605 913 708 osmi
1142 637 1218 712 ooo

121 800 246 886 quidem
259 800 441 866 babetSils.
457 799 530 880 14,
552 799 691 886 quaebio
705 813 823 864 nostsrt
844 822 899 864 mo
914 803 1032 864 aaran
1049 803 1136 864 dero
1150 806 1216 886 Py-

121 910 204 964 rene,
225 889 333 970 largata
344 891 450 968 potius
470 887 548 946 nult
561 909 675 970 gurges
695 887 854 950 atomon
871 889 927 968 qtss'
944 891 1062 968 rapitw
1076 889 1114 949 de
1123 890 1216 969 sonte

121 987 183 1034 nro.
227 994 284 1034 neo
305 985 351 1034 est
371 994 423 1036 our
442 973 559 1034 laboret
579 975 626 1036 vir
645 973 749 1034 doctus
769 975 958 1050 Bernartius,
981 994 1051 1032 oum
1063 976 1095 1033 in
1111 973 1213 1036 oodioe

121 1060 375 1140 Argentomtend,
396 1060 450 1139 qui
462 1077 556 1139 penes
570 1079 620 1119 me
634 1069 689 1137 est,
711 1061 754 1119 ita
768 1060 894 1140 legatur,
916 1057 1108 1118 meoiudicio
1123 1071 1214 1122 reote.

121 1143 214 1204 fidem
227 1145 342 1205 iaciunt
354 1142 490 1204 eiusdem
507 1145 646 1206 leotiouia
662 1143 806 1206 edibonea
819 1145 950 1206 Venetae
965 1153 995 1202 et
1007 1145 1213 1205 Florentinae:

123 1230 375 1311 ...imperpetuo
387 1229 599 1313 mrlrigrrrgas,
619 1229 856 1314 inhumataqui
866 1231 985 1310 rapitur
996 1227 1132 1308 desonte
1149 1242 1209 1290 tuo.

117 1317 262 1376 „mus
608 1347 611 1354 ’

205 1398 260 1466 47.
302 1397 453 1482 quomodo
464 1401 521 1463 sub
533 1400 657 1462 nomine
676 1399 771 1462 rivuli
785 1408 881 1480 gestat
896 1397 1038 1480 priuoipis
1053 1395 1213 1458 offioumt
1283 1383 1290 1410 ⁸

120 1485 233 1546 vellem
247 1487 449 1565 explicassent
467 1485 526 1546 ista
542 1488 728 1568 interpretes.
770 1484 826 1548 sed
838 1483 927 1544 nihili
942 1504 990 1543 res
1005 1493 1066 1544 est:
1087 1487 1114 1543 si
1132 1485 1214 1543 enim

120 1572 264 1651 principis
274 1570 408 1630 offitium
419 1583 527 1651 gestat,
547 1575 691 1652 principis
703 1572 758 1632 snb
773 1573 895 1632 nomine
909 1578 1021 1649 gestat,
1042 1587 1104 1630 non
1119 1587 1214 1651 quae·

120 1657 221 1716 storia.
263 1665 296 1714 at
310 1655 443 1714 officium
455 1659 598 1738 principia
611 1656 851 1718 biobenelioinm
863 1657 930 1736 oapi
942 1653 1046 1730 debet,
1076 1654 1117 1714 ad
1132 1649 1215 1734 qnod

120 1740 241 1820 penitus
252 1738 480 1821 adipiscendum
497 1744 669 1806 auctoritate
685 1744 849 1824 quaestoris
862 1759 937 1822 opus
951 1737 1091 1798 habebat·
1112 1740 1214 1818 itaque

120 1825 184 1884 iam
205 1825 261 1886 sub
284 1827 406 1886 nomine
423 1823 515 1888 buius
535 1849 568 1888 se
590 1837 708 1908 grutere
728 1830 906 1887 suavitatem
924 1827 1024 1904 regiae
1045 1825 1111 1904 opis
1132 1821 1216 1881 dioit.

120 1907 201 1969 nibil
212 1911 321 1971 oertius
336 1929 429 1992 quam
443 1911 652 1974 seribendumt
673 1911 730 1972 roh
743 1914 830 1972 auito
844 1911 962 1970 nomine
972 1919 1072 1988 ςιωιο.
1117 1909 1217 1986 ime·-

122 2005 214 2056 trarat
228 1997 309 2056 enim
321 1997 385 2056 iam
397 2000 495 2078 regias
507 1999 640 2074 litteras,
663 2017 739 2079 quas
755 1995 806 2056 lrio
820 1995 907 2056 offert
920 1993 1088 2068 Auasmio,
1111 2001 1146 2051 ut
1161 1989 1218 2051 ‹lo-
1320 2045 1324 2052 .

121 2091 191 2140 oent
202 2079 422 2160 praecedentia.
465 2084 619 2166 eleganter
629 2103 701 2143 vero
716 2101 757 2140 ex
768 2101 822 2141 sno
833 2099 918 2140 mota
929 2077 1007 2137 dixit
1015 2087 1106 2158 girato
1114 2120 1128 2148 ,
1150 2095 1219 2135 enm

121 2166 229 2246 plenus
246 2167 361 2227 fruetus
386 2167 525 2228 beuefloii
544 2165 681 2228 nondam
697 2165 877 2226 advenisset.
921 2174 952 2223 et
965 2165 1007 2223 ita
1022 2165 1217 2242 imperatores

122 2251 212 2310 aliive
229 2254 379 2332 prinoipes
401 2263 536 2333 gustasse
555 2255 718 2334 imperium
731 2250 888 2326 dieantur,
915 2249 969 2332 qui
983 2248 1068 2307 brevi
1082 2257 1217 2327 tempore

121 2333 329 2416 possederant.
350 2339 489 2400 Βιιτι.1
519 2339 653 2399 η’νιιίιιω
665 2333 744 2398 mibi
756 2334 876 2396 videtur·
889 2331 987 2394 dioere
1001 2352 1071 2394 suos
1084 2334 1166 2414 ipsos
1179 2329 1217 2391 de
1280 2405 1286 2414 ,

122 2417 263 2481 laudibus
277 2424 466 2502 imperatorie
479 2426 586 2486 lustini
602 2424 706 2484 libros.
747 2419 804 2482 sub
825 2422 912 2480 erato
934 2420 1066 2490 nonam,
1085 2415 1143 2478 hoo
1161 2426 1217 2494 est,

123 2507 208 2566 orius
222 2509 397 2567 auotoritate
410 2527 465 2569 seu
476 2505 630 2585 consilius
647 2513 700 2567 aut
712 2509 740 2568 si
752 2509 867 2580 mavis,
897 2522 957 2585 quo
971 2515 1107 2584 petrono.
1148 2500 1219 2560 side

122 2591 235 2653 iufrai
254 2590 305 2655 15.
327 2593 427 2652 Fosa.
466 2597 561 2673 gesto]
583 2595 689 2672 virgil.
702 2596 782 2652 Aen.
801 2591 913 2655 1519:
934 2589 1061 2668 virginis
1078 2608 1111 2646 oo
1130 2585 1220 2646 lrnbi-

123 2685 374 2753 tasmqrsegerena.
419 2687 450 2736 at
465 2681 560 2742 289:
591 2687 620 2734 et
639 2697 694 2734 raes
713 2674 881 2756 aliquando
897 2672 1222 2753 mnqtsedeeuaqne
1314 2669 1325 2696 ¹

190 2762 279 2818 imae.
317 2760 424 2820 *Boon
626 2780 630 2786 ’
1101 2785 1102 2788 “

120 2780 191 2842 8⁶⁸⁸
207 2843 260 2910 48·
275 2893 277 2898 ,
287 2862 396 2922 gerens
406 2845 551 2904 nimirum
562 2861 723 2925 personam
729 2842 838 2922 poi'm
850 2863 905 2904 sen
915 2842 1124 2921 panegyristae
1137 2839 1222 2918 prin-

124 2930 200 3009 oipis
214 2931 342 3008 Augusti
354 2933 543 3010 inperatoris
556 2931 674 2990 tustini.
714 2930 748 2986 in
763 2926 843 2986 bano
854 2925 1035 2988 sententiam
1050 2925 1139 2983 iaoile
1153 2943 1221 2982 me-

124 3031 196 3072 onm
213 3014 288 3088 ibis,
316 3015 500 3076 sioonferas
521 3020 537 3078 1
558 3020 589 3081 7.
632 3013 815 3074 claudianus
836 3013 870 3071 iu
884 3011 1011 3092 praefat.
1027 3007 1222 3088 Epitlralamii

124 3096 254 3157 Palladii
271 3108 301 3156 et
315 3100 487 3160 Celerinae:
510 3119 633 3158 moen
645 3119 731 3158 antor
739 3099 865 3178 gomi,
886 3097 980 3156 soceri
991 3095 1154 3154 remmia
1162 3113 1223 3172 po·

126 3184 197 3254 veit,
217 3183 314 3261 offimo
329 3185 423 3256 votis,
445 3184 550 3242 mart·
563 3183 713 3264 obsequela.
737 3185 837 3242 Fooo.
879 3179 919 3240 ‹le
939 3179 1037 3239 officio
1054 3181 1087 3237 in
1109 3178 1222 3258 palatio

126 3265 237 3328 iatbino
259 3270 424 3330 oonieotato
450 3289 513 3328 non
531 3267 701 3328 aooedimus
723 3267 895 3328 doctissimo
912 3268 1100 3344 Dempstero.
1142 3263 1222 3321 bona

125 3373 197 3412 vero
210 3353 388 3433 simplicitas
401 3357 434 3414 in
448 3352 659 3434 buimpobtae
673 3355 743 3414 stilo
755 3351 832 3412 milii
844 3353 942 3432 potior
955 3360 1000 3410 est
1014 3350 1143 3407 aliorum
1156 3349 1223 3406 eius

125 3439 193 3498 aevi
206 3440 418 3501 semibarbaris
430 3439 681 3508 adfectationibus
694 3435 870 3518 granditatis
885 3448 915 3496 et
928 3431 1112 3495 eruditarum
1124 3442 1223 3491 trans-

125 3525 286 3602 lationum,
323 3546 403 3608 quae
428 3547 494 3586 uuo
509 3545 600 3605 saepe
620 3525 712 3586 verbo
735 3531 929 3604 oorrumpuut
949 3522 1121 3581 universam
1141 3518 1224 3578 velut

126 3607 257 3668 studiose
267 3614 480 3672 narrationem.
521 3613 647 3688 litare.

96 3695 101 3710 '
211 3694 438 3758 Aaoonarun
466 3697 577 3759 oraars
598 3713 808 3756 rrrsronrouat.
864 3693 996 3755 lustinus
1023 3691 1139 3765 minor,
1172 3689 1225 3769 qai

127 3787 158 3836 et
177 3777 343 3858 secundm,
379 3783 551 3846 bulurrimi
571 3781 650 3842 fitius
672 3780 819 3862 (8182),
842 3779 1011 3840 lustinimi
1030 3776 1159 3854 Augusti
1185 3791 1225 3831 ex

127 3866 395 3943 sororeVigilaatia
408 3887 512 3948 nepos,
527 3868 564 3926 ab
579 3868 728 3927 avunculo
738 3867 807 3925 vivo
820 3866 852 3923 in
863 3865 932 3923 aula
942 3861 1085 3922 educatus
1100 3859 1135 3941 (4
1150 3855 1226 3937 190)

128 3959 160 4008 et
172 3949 316 4009 Palatinis
328 3951 434 4012 ollioiis
445 3955 621 4034 impositus,
643 3951 741 4012 dietus
755 3960 802 4012 est
815 3949 887 4009 inde
899 3949 1093 4028 curopalates.
1135 3943 1223 4002 Paul.

128 4035 253 4092 Diaoon.
274 4036 336 4094 lib.·
349 4039 387 4100 16
414 4040 448 4095 in
468 4038 527 4096 line
549 4037 716 4098 Iustiniani.
760 4034 850 4096 duxit
872 4038 904 4093 in
928 4053 1055 4094 uxorem
1079 4025 1225 4108 Sopbiam

127 4116 309 4179 Theodorae
325 4123 479 4200 Augustae
494 4133 637 4204 neptem,
665 4141 756 4204 quam
774 4131 941 4181 consortem
958 4120 1079 4198 imperii
1100 4131 1224 4174 eorona-

128 4212 192 4263 tam
202 4201 339 4282 adscivit,
354 4207 392 4265 ab
407 4209 480 4266 urbe
496 4207 615 4269 condito
634 4211 724 4283 1818,
740 4217 858 4288 apertu
871 4206 1026 4266 salutifero
1041 4201 1114 4266 558·
1127 4199 1226 4277 pltoel

38 4345 45 4362 ,
128 4291 212 4348 enirn
222 4291 348 4352 Diaooui
366 4295 555 4374 supputatio,
586 4313 682 4376 aqua
702 4291 844 4352 reoerlnnt
858 4293 915 4351 viri
934 4289 1062 4351 maximi
1079 4283 1226 4343 etluttissi

128 4377 390 4456 inaugurationem
407 4391 522 4459 ponunt
540 4381 574 4438 in
593 4399 672 4439 anuo
695 4378 801 4439 salutis
822 4377 896 4444 666.
939 4377 1025 4436 initio
1043 4370 1226 4450 principem!

128 4463 197 4541 pius
215 4461 347 4524 edietum
364 4467 518 4544 proposuit
533 4463 693 4526 Gatboliois
708 4464 764 4524 snb
778 4457 925 4523 avurroulo
939 4457 1150 4529 vehementer,
1169 4471 1227 4511 na·

129 4550 280 4609 soentibus
292 4547 483 4627 haeresibus,
505 4551 649 4626 turbatis3
670 4551 805 4608 liberalis
818 4551 893 4606 etin
906 4564 1006 4606 saeros
1019 4538 1139 4602 ordines
1155 4557 1227 4618 pro-

46 4619 55 4646 ‘
129 4633 223 4696 sustu.
267 4646 371 4716 postea
390 4656 452 4697 uon
472 4638 566 4698 caruit
580 4637 749 4718 suspicione
762 4633 921 4694 haereseos
932 4629 1114 4707 Pelagianao
1129 4641 1228 4684 asser-
