2768 5146
177 579 241 694 111Ι
563 623 902 698 mmmmm

179 790 299 854 videtin
314 801 416 852 autem
436 791 471 854 id
491 793 636 854 eGraece
657 795 762 874 lingue
778 792 972 876 desumptum
990 813 1031 856 ex
1046 800 1170 861 vocibus
1185 798 1281 888 κόρος

178 919 256 978 puer
267 896 317 956 rel
325 895 435 976 pullus
447 905 500 956 aut
514 899 620 978 niger,
648 907 678 956 et
689 897 784 973 ἵππος
795 917 909 978 equare,⁸
939 901 1027 982 quasi
1041 897 1123 964 dicas
1135 904 1280 984 equuleus
1311 961 1312 966 ,

178 1001 229 1061 rei
247 1001 334 1080 niger
353 1019 469 1080 eqruss,
511 1010 564 1060 aut
587 1001 677 1060 etiam
696 1019 774 1079 puer
799 997 833 1058 id
859 1009 905 1061 est
931 1021 1034 1062 ocsus
1054 1001 1096 1063 ab
1118 1008 1203 1086 equis
1227 1008 1278 1068 vei

181 1123 329 1264 quztsi
345 1209 453 1282 pobma
469 1205 506 1264 de
523 1203 608 1264 batti
621 1201 745 1284 Libycis
764 1203 838 1264 olim
856 1163 994 1285 pluribus
1006 1209 1042 1267 in·
1052 1205 1204 1272 codicibus
1221 1209 1277 1272 de·

176 1307 320 1388 scsipmm
335 1309 499 1383 exstiterit,
529 1304 568 1366 de
587 1305 703 1366 duobus
720 1317 840 1368 unium
856 1311 962 1368 notitia
982 1307 1022 1369 ad
1042 1309 1173 1373 eruditos
1196 1315 1277 1374 viros

46 1427 47 1430 ¹
176 1411 330 1491 pervenit:
359 1429 432 1468 nem
452 1411 558 1466 tertius
576 1407 783 1469 Trivultianus
806 1407 963 1490 hucusque
986 1411 1076 1472 latuit
1089 1414 1141 1472 vei
1157 1417 1277 1495 penitus

177 1515 299 1592 ignotus
320 1513 450 1586 exstitit,
483 1512 620 1590 quamvis
635 1513 668 1570 in
684 1513 819 1592 plurium
835 1509 990 1572 doctorum
1004 1511 1164 1576 hominum
1176 1520 1278 1578 1111111-

175 1615 233 1676 bus
256 1617 363 1691 fuerit,
391 1622 425 1670 ut
443 1612 522 1670 iufra
542 1610 667 1673 docebo.
710 1616 911 1696 antiquiorem
933 1613 1067 1676 codicem
1086 1617 1180 1679 fuisse
1195 1632 1279 1700 patet
1368 1615 1369 1618 '

176 1720 265 1780 iilum
285 1717 339 1799 qui
358 1717 391 1775 in
409 1712 591 1774 bibliotheca
611 1714 827 1776 monachorum
839 1718 951 1776 Montis
964 1718 1066 1776 Cusini
1082 1717 1136 1780 diu
1149 1722 1207 1781 urit
1220 1722 1277 1783 ad·

177 1828 328 1894 servatus,
358 1836 469 1897 nempe
489 1837 507 1876 s
527 1819 647 1878 saeculo
664 1823 702 1884 11
718 1816 868 1900 usquead
884 1821 933 1883 16.
963 1810 1126 1881 '“Pecus”
1145 1843 1277 1908 namque

173 1912 385 2000 “diaconusss’
405 1930 440 1980 ut
461 1923 504 1980 ait
517 1923 681 2002 [fogginius
697 1942 730 2003 p.
747 1925 804 1998 10,
821 1913 882 1980 “in
894 1922 1036 1980 ductario
1055 1919 1096 1980 ad
1109 1921 1278 1988 Chronicon

177 2025 338 2084 Casiuense
350 2024 459 2082 Leonis
472 2025 648 2102 Marsicani,
678 2026 732 2084 ubi
749 2026 828 2084 inter
847 2023 940 2084 libros
957 2043 1032 2105 quos
1047 2020 1177 2087 describi
1190 2049 1278 2090 curs-

177 2129 222 2186 vit
235 2126 327 2184 abbas
340 2123 529 2201 Derides-ius,
554 2124 594 2184 ad
606 2129 775 2186 Romanam
787 2123 961 2185 cathedram
972 2133 1075 2205 postes
1089 2138 1208 2192 erectus
1221 2133 1277 2192 sub

179 2229 305 2289 Victoris
319 2228 488 2303 2nomine,
515 2228 705 2287 Crescomism
718 2235 870 2287 memotat
881 2227 918 2284 de
932 2225 1018 2284 bellis
1031 2225 1166 2307 Libycis.
1196 2229 1278 2293 hunc

92 2337 94 2344 '
179 2329 316 2390 codicem
341 2330 375 2388 in
392 2328 574 2389 bibliotheca
591 2332 765 2389 monasterii
785 2331 897 2389 Montis
922 2330 1024 2388 Cusini
1047 2328 1147 2390 adhuc
1169 2351 1277 2414 super·

177 2433 271 2492 fuisse
291 2430 468 2496 enn01582
487 2426 582 2492 novi”
604 2430 670 2516 (est
685 2429 769 2490 idem
787 2433 951 2511 chginius
972 2435 1026 2514 qui
1041 2431 1193 2515 loquitur)
1210 2429 1279 2499 “ex

175 2555 224 2595 ms
239 2531 340 2593 codice
356 2534 498 2594 Vaticano
514 2536 615 2610 8961,
638 2536 692 2618 qui
704 2532 837 2595 indicem
850 2538 981 2596 continet
994 2537 1203 2598 casinensium
1213 2559 1278 2602 mss

176 2638 341 2698 elementis
355 2640 377 2702 7
391 2637 477 2695 iussu
490 2637 668 2698 confectum.
701 2640 745 2698 sic
760 2641 841 2698 enim
854 2640 888 2698 in
903 2639 998 2699 classe
1012 2640 1158 2700 librorum
1173 2661 1278 2720 gram-

174 2741 362 2801 msticslium
378 2737 506 2818 legitur:
537 2738 613 2799 liber
630 2742 782 2802 Cresconii
792 2743 884 2821 iricio.
905 2734 1067 2802 thorris.’
1108 2746 1276 2824 suspicatum

175 2855 240 2904 erat
245 2835 414 2923 'Poggiuius
427 2842 478 2901 vel
493 2845 574 2902 mele
591 2843 758 2904 indicatum
772 2843 854 2904 hunc
866 2842 1001 2906 codicem
1011 2844 1106 2904 fuisse
1118 2848 1276 2908 1111111111-

173 2947 240 3008 lum
254 2947 420 3020 exstitisse,
449 2945 519 3004 cum
537 2955 615 3006 teste
637 2949 819 3028 cuspiniano
831 2947 980 3008 Budensis
1002 2949 1124 3008 initium
1144 2961 1277 3012 sumeret

174 3050 212 3110 eb
227 3048 312 3112 hisce
325 3049 441 3110 verbis:
473 3050 577 3130 st'grra',
598 3051 689 3112 duces
700 3061 773 3112 etc:
795 3049 850 3112 sed
862 3061 1037 3138 nunc-patet
1048 3053 1226 3133 neutiquam
1242 3052 1277 3112 id

174 3173 251 3215 csse.
301 3154 363 3213 imo
391 3171 432 3212 ex
457 3152 510 3211 illa
534 3173 608 3214 voce
635 3155 764 3216 neuris
787 3151 902 3218 constat
925 3156 1121 3214 Casinensem
1142 3153 1277 3216 codicem

169 3257 393 3337 praefecissem
409 3257 501 3314 etiam
517 3253 675 3335 habuisse,
709 3278 803 3342 quam
816 3277 888 3339 prae
902 3278 935 3318 se
945 3257 1006 3316 fert
1017 3274 1138 3337 quoque
1150 3257 1277 3318 Trivui-

174 3362 285 3419 tianus.
336 3369 438 3418 utrum
460 3357 568 3420 eadem
589 3365 721 3424 caruerit
735 3383 783 3424 ms
803 3360 970 3433 Budensis,
1002 3375 1043 3414 cx
1062 3374 1123 3437 quo
1141 3362 1277 3422 recitarit

175 3461 376 3541 cuspinianus
393 3439 508 3539 priores
524 3466 657 3546 qtrinque
679 3485 783 3525 versus
803 3462 951 3543 poematis
971 3455 1108 3517 eiusdem
1125 3462 1158 3519 in
1171 3481 1226 3523 suo
1239 3464 1277 3523 de

180 3561 361 3622 Caesaribus
376 3573 405 3620 et
416 3563 646 3641 imperatoribus
658 3568 754 3642 libro,
781 3566 836 3624 ubi
851 3561 889 3622 de
902 3563 1066 3622 Iustiniana
1080 3565 1158 3643 agit,
1188 3567 1275 3627 nobis

176 3671 237 3726 non
250 3664 357 3748 liquet.
401 3665 514 3724 etenim
530 3678 649 3745 praeter
663 3670 786 3728 titulum
799 3677 830 3726 et
848 3666 917 3725 ilios
933 3665 1066 3747 quinque
1079 3685 1202 3743 versus,
1234 3687 1276 3728 ex

175 3767 283 3850 quibus
296 3789 330 3827 re
341 3788 412 3828 vera
433 3769 538 3849 incipit
556 3775 665 3851 poima
683 3772 795 3853 quique
812 3766 948 3829 eiusdem
963 3779 1174 3848 argumentum
1187 3771 1275 3830 nobis

174 3879 243 3930 ante
257 3871 359 3931 oculos
374 3881 508 3952 ponunt,
538 3871 618 3932 nibil
631 3871 715 3933 eliud
729 3870 767 3932 ds
779 3873 832 3933 illo
845 3893 893 3934 ms
905 3874 1104 3952 Cuspinianus
1117 3873 1275 3933 nobiscum

174 3973 413 4036 communicavit.
456 3984 598 4034 neutrum
624 3985 726 4036 autem
754 3995 859 4036 comm
883 3973 1019 4035 codicum
1037 3972 1077 4033 ad
1099 3994 1156 4036 nos
1178 3995 1275 4057 usque

172 4073 367 4154 perdurasse,
399 4094 461 4136 non
479 4079 631 4138 immerito
653 4088 699 4138 est
718 4075 894 4154 dicendum,
924 4096 994 4137 cum
1012 4074 1148 4137 noudum
1166 4085 1275 4159 poema

172 4175 251 4236 illud
270 4187 335 4237 tam
359 4176 412 4237 diu
433 4183 600 4261 expetitum
620 4183 654 4240 in
677 4181 778 4239 lucem
793 4181 928 4255 reuerit3
949 4177 1130 4240 nec'adhnc
1149 4183 1218 4241 sciri
1235 4180 1274 4238 sb

173 4281 236 4340 uilo
246 4283 344 4360 potuit
356 4281 431 4362 quid
441 4284 502 4344 illis
518 4283 670 4345 codicibus
684 4281 799 4342 iactum
812 4285 861 4360 sit,
883 4299 979 4363 quove
992 4285 1191 4362 pervenerint.
1235 4278 1274 4340 de

175 4383 331 4454 (inmensi
352 4385 434 4443 enim
445 4387 609 4468 Fogginius
626 4389 690 4446 iam
705 4387 803 4446 fuctus
826 4386 926 4446 fuerat
943 4387 1065 4462 certior,
1094 4385 1205 4462 utipse
1221 4386 1274 4460 ait,

173 4503 192 4543 a
204 4487 273 4546 viro
283 4483 369 4546 docto
377 4488 677 4551 ,illiusbibliothecae
693 4500 844 4567 curatore,
865 4488 983 4548 nullum
994 4489 1038 4548 ibi
1050 4497 1159 4548 restare
1173 4505 1276 4546 mem-

175 4581 303 4650 branam
320 4609 399 4672 quae
417 4593 568 4656 cresconii
588 4613 701 4656 nomeu
719 4612 791 4675 pree
807 4611 840 4654 se
859 4592 954 4668 ierat,
983 4593 1100 4652 nuliam
1112 4589 1145 4648 in
1160 4607 1221 4670 qua
1237 4587 1276 4648 de
