2768 5174
386 692 675 781 3331333333
701 709 871 782 rusruu.
921 803 926 814 ι
1103 709 1179 787 333

77 881 148 958 gule
163 889 265 940 sutem
280 889 310 939 et
323 881 528 938 Diocletianus
543 880 633 939 etism
650 877 747 939 edicto
767 885 932 938 sanxerunt
945 888 978 937 ut
991 897 1097 940 omnes
1111 881 1178 942 sine

77 965 249 1024 discrimine
271 967 390 1044 generis
412 968 553 1044 prostrati
574 964 668 1045 pedes
688 966 747 1024 31131
768 964 1021 1023 exoscularentur.
1064 977 1178 1047 quantu

75 1048 238 1110 humanius
251 1053 419 1125 Traianus,
451 1051 503 1131 qui
522 1048 697 1109 huiusmodi
719 1050 778 1110 sibi
794 1047 923 1108 honores
944 1048 1055 1109 deferri
1071 1067 1177 1130 pessus

76 1146 214 1194 nonest:
245 1155 306 1194 non
326 1147 360 1193 333
379 1137 492 1194 civium
509 1136 667 1214 amplexus
690 1135 735 1193 ud
748 1133 841 1214 pedes
861 1145 927 1192 tuos
938 1133 1093 1212 deprimis,
1123 1155 1179 1196 nec

75 1221 213 1280 osculum
226 1220 449 1290 runcandus,
470 1223 569 1301 inquit
583 1221 621 1280 de
635 1241 670 1280 eo
684 1222 800 1279 Plinius
813 1222 962 1299 Panegyr.
976 1218 1027 1284 24.
1065 1231 1179 1301 quanto

76 1309 152 1366 item
169 1303 331 1364 humanius
344 1308 451 1366 Petrus
472 1308 642 1385 spostolus,
670 1308 719 1364 cui
734 1325 803 1366 cum
821 1325 854 1364 se
871 1305 1026 1364 Cornelius
1045 1309 1178 1366 centurio

76 1391 207 1470 supplex
220 1411 255 1448 sc
269 1388 499 1451 venerabundus
515 1391 558 1450 31·
567 1389 661 1470 pedes
674 1391 847 1464 obiecisset,
869 1411 972 1470 surge,
993 1393 1100 1471 inquit,
1123 1411 1178 1471 ego

76 1496 194 1556 qunque
206 1475 293 1534 tomo
304 1497 382 1534 sum.
426 1479 494 1534 Act.
513 1480 551 1538 10
566 1479 619 1540 26.
640 1479 734 1536 11333.
778 1476 812 1534 11
828 1476 964 1556 obsequii
977 1494 1073 1554 genus
1084 1479 1178 1536 lusti-

76 1563 203 1620 niauum
221 1581 255 1618 33
274 1559 469 1620 Theodorum
494 1561 558 1620 eius
585 1581 714 1622 uxorem
738 1564 860 1640 exigere
884 1563 1073 1620 consuevisse
1091 1571 1176 1620 notet

76 1647 240 1724 Procopius
253 1649 332 1704 Hist.
346 1648 455 1704 Arcen.
470 1665 496 1702 c.
510 1648 563 1710 29.
586 1647 686 1706 Foco.
711 1637 714 1645 ’
729 1645 840 1706 311νί333
851 1645 939 1721 dixit,
955 1649 1025 1726 quio
1041 1647 1178 1726 alioquin

78 1729 205 1790 deorum
219 1733 363 1790 statuisis
377 1727 473 1789 honos
489 1727 666 1790 hebebatur.
707 1730 908 1790 Prudentius:
929 1731 1108 1810 Augustum
1123 1752 1177 1789 ea·
1256 1791 1258 1800 ,

74 1827 134 1893 put
155 1816 332 1893 antepedes
353 1835 479 1874 curvare
494 1817 654 1875 Minorem
667 1815 791 1889 flentis,
825 1827 853 1874 33
862 1813 959 1874 soleas
971 1817 1083 1880 Iunoni
1096 1817 1178 1874 lunt·

78 1899 157 1971 bers,
173 1901 292 1978 ploretis
306 1899 451 1959 Hercules
465 1901 599 1958 advolvi.
643 1899 743 1959 idem:
758 1921 928 1980 remotaque
941 1921 994 1958 cra
1008 1921 1093 1960 senex
1106 1900 1179 1960 bar*-

77 1984 166 2044 batus
180 1997 209 2043 et
222 1985 408 2065 osculafigit
421 1983 559 2046 crun'ltus
572 1986 767 2068 cmpedum,
790 1988 818 2044 sr'
825 1987 885 2069 sas
902 1996 945 2044 est
956 1979 1075 2058 dicere)
1087 2006 1178 2066 equo-

75 2091 154 2128 rum.
199 2073 325 2131 11333333.

162 2156 234 2221 159.
278 2157 360 2238 opud
372 2159 501 2219 Graecos
516 2161 647 2240 13333313
661 2167 707 2219 333
720 2178 858 2230 nonore,
873 2168 903 2218 et
917 2155 1073 2217 historiam
1086 2175 1179 2216 voca-

77 2241 121 2300 vit
134 2238 325 2323 Theophilus
347 2239 435 2318 πεζὸν
454 2239 549 2325 λόγον
566 2245 732 2322 pedestrem
752 2246 925 2302 emtionem.
969 2241 1019 2300 311
1036 2245 1178 2306 1133332

79 2330 128 2400 111,
149 2329 319 2386 Marcilium
330 2330 363 2386 in
378 2341 538 2388 comment.
554 2328 661 2389 311113.
677 2331 839 2394 4133313133.
852 2329 1004 2408 irnperial.
1019 2329 1067 2387 313.
1079 2326 1099 2390 4
1114 2323 1131 2406 §
1145 2325 1178 2389 1.

77 2413 230 2470 umentis
249 2415 358 2491 igitur,
385 2412 420 2472 id
442 2425 488 2473 est
506 2416 686 2496 loquentis.
713 2413 801 2476 ovid.
819 2413 937 2474 heroid.
957 2418 994 2476 1:
1023 2413 1178 2471 3333333313

78 2498 186 2554 contus
196 2498 309 2575 pendet
321 2497 362 2557 ub
375 2519 425 2556 ore
437 2502 506 2558 eri-i.
543 2503 694 2580 0333333.
1168 2509 1170 2540 ³

163 2582 237 2644 160.
279 2585 371 2662 sone]
394 2585 438 2642 sic
456 2585 536 2644 infra
556 2604 588 2645 3.
613 2591 696 2650 278:
728 2584 897 2644 humanam
914 2594 1033 2655 sortem,
1054 2580 1114 2642 hoc
1132 2591 1179 2642 est

77 2666 202 2724 fotolcm
222 2669 451 2740 necessitatem
481 2679 512 2726 et
532 2687 563 2726 3.
585 2673 666 2731 3073
695 2671 769 2727 sorti
791 2671 914 2728 senioris
934 2669 1081 2745 adempta}
1113 2664 1206 2734 334,

78 2749 156 2812 8463
175 2760 252 2806 sorte
265 2769 332 2808 mec
344 2753 450 2820 3313313,
491 2751 574 2829 Virg.
587 2755 665 2808 Aen.
675 2755 697 2814 2
709 2753 789 2816 655:
812 2753 886 2811 haec
893 2751 973 2826 firu's
987 2753 1110 2810 Priami
1118 2751 1181 2830 sn-

78 2844 191 2905 torum,
211 2834 263 2893 lu'c
277 2836 370 2892 3313333
383 2834 473 2894 illum
485 2845 562 2892 sorte
574 2835 654 2892 33ιί13.
699 2836 799 2894 Foco.
814 2865 820 2878 ι

164 2917 236 2983 162.
278 2939 326 2977 ms
332 2919 497 2998 fletusque.
520 2919 598 2977 forte
608 2929 778 2996 pecten-out
791 2918 903 2978 33313333.
928 2921 1021 2978 11333.
1061 2927 1182 2997 pectem

78 3004 122 3062 sic
134 3005 271 3082 reposui,
295 3023 365 3062 cum
380 3005 475 3062 133333
485 3007 612 3062 monstri
625 3006 776 3082 legeretur
783 3005 948 3084 fletusque.
993 3001 1102 3086 quodsi
1118 3021 1181 3061 non

71 3088 176 3168 »placet
185 3099 292 3165 pectus
308 3089 443 3146 lacrimis
456 3088 589 3159 madere,
610 3090 678 3167 lege
695 3088 807 3148 33313333.
852 3086 979 3148 Aeneid.
1001 3091 1039 3151 93
1061 3086 1182 3147 ercitum

79 3173 214 3232 1333νί33313
234 3184 325 3252 atque
343 3193 397 3231 ora
418 3172 552 3253 rigabat.
581 3175 724 3234 Dsnssr.
782 3177 977 3256 Dempsterus
1007 3183 1037 3231 et
1056 3174 1182 3232 Ruicius

74 3267 239 3338 pectusque
249 3259 431 3316 maluerunt.
475 3277 545 3316 cum
558 3278 629 3318 vero
643 3258 791 3318 33133313
805 3269 870 3318 toro
884 3262 1033 3333 lustinus,
1056 3275 1111 3338 ego
1130 3276 1182 3315 ar-

78 3343 172 3402 bitrer
193 3345 357 3402 consultius
380 3343 531 3421 lectusque
549 3347 609 3402 es'ri
628 3342 838 3418 scribendum,
882 3347 1027 3426 quonium
1056 3344 1181 3423 propius

77 3425 137 3487 hoc
154 3431 246 3487 etism
259 3440 305 3488 est
319 3427 359 3487 331
373 3431 551 3509 scripturam
562 3438 707 3488 veterem.
750 3432 794 3491 sic
813 3429 885 3488 313333
902 3431 1016 3488 lectum
1040 3447 1073 3486 se
1091 3445 1181 3486 suum

78 3511 266 3573 madefacere
287 3517 329 3584 ait
342 3513 441 3573 David
455 3534 513 3572 rex
527 3515 648 3573 Psalmo
664 3519 702 3589 6,
731 3514 771 3573 ad
793 3534 885 3594 quem
904 3514 1075 3595 respexisse
1091 3509 1182 3572 chri-
1292 3519 1293 3530 ¹

79 3601 193 3658 33133333
205 3609 290 3659 33333
303 3599 432 3658 3113133.
453 3602 579 3659 1133333.
621 3602 817 3678 Dempsterus
837 3619 870 3659 se
884 3601 1052 3680 reposuisse
1068 3600 1111 3656 ait
1121 3617 1182 3676 ps-

79 3693 159 3752 ctus,
182 3703 250 3740 cum
265 3695 353 3743 antea
364 3687 460 3744 instar
471 3687 598 3744 monstri
604 3685 704 3761 fletus
715 3685 874 3764 legeretur,
897 3683 979 3766 quod
993 3686 1020 3756 si
1036 3703 1097 3742 non
1111 3683 1182 3763 pla·
1240 3761 1242 3766 ι

81 3777 156 3843 cest,
179 3768 268 3827 scribi
280 3787 369 3846 posse
382 3770 496 3829 33313333.
541 3769 596 3830 331
609 3769 725 3830 dudum
739 3771 862 3830 Ruizius
875 3773 907 3827 in
920 3771 1056 3848 margins
1070 3765 1182 3828 editio-

78 3855 128 3912 nis
142 3871 215 3911 suas
228 3863 366 3911 33333333
396 3854 473 3912 forte
485 3867 593 3933 pectus
611 3865 663 3914 aut
682 3855 796 3916 mnu.
841 3856 984 3914 ultimum
997 3852 1031 3912 131
1045 3853 1183 3912 firmatur

79 3957 122 3996 ex
140 3940 217 3997 Aen.
243 3942 259 4001 1
281 3936 353 4001 169.
379 3941 501 3998 Voscx.
550 3939 720 4022 ‘legendum
742 3959 807 4000 esse
826 3941 988 4020 vrdtusqns
1008 3941 1182 4019 comprobet

80 4023 224 4100 Virgilius
239 4023 317 4080 Aen.
334 4026 351 4086 1
369 4020 447 4097 469,
471 4035 501 4083 33
513 4023 672 4084 Barthium
684 4029 717 4085 in
733 4023 857 4085 Berthio
873 4035 984 4109 quaero
1002 4026 1090 4085 aliter
1108 4045 1182 4086 scu-

79 4107 221 4165 tientem:
242 4103 360 4166 3113333
372 4110 453 4166 enim
464 4106 548 4170 houd
560 4109 804 4173 animadvertisse
816 4110 856 4171 ad
867 4114 1052 4192 superiorem
1063 4130 1095 4170 3.
1110 4113 1182 4174 119.

78 4193 180 4252 Foco.

165 4280 239 4343 166.
281 4274 431 4338 demenda
447 4290 492 4338 est
505 4277 657 4344 distinctio
670 4283 917 4364 interrogatoris:
932 4282 994 4343 ism
1007 4282 1088 4342 enim
1102 4288 1183 4337 tem·

79 4383 137 4444 pus
161 4361 267 4424 313333
291 4365 334 4422 313
353 4367 486 4424 lustinus
507 4378 540 4426 ut
559 4370 704 4428 tristetur.
747 4381 850 4451 estque
876 4371 985 4430 allusio
1010 4367 1050 4426 sd
1068 4383 1182 4424 nomen

80 4449 224 4527 principis
239 4469 256 4506 a
273 4449 404 4526 iustitia,
435 4451 557 4531 qualem
577 4455 609 4511 in
628 4455 756 4533 singulis
776 4456 948 4515 nominibus
963 4462 1061 4532 coptot
1074 4451 1181 4526 corip-

80 4553 137 4612 pus
159 4534 300 4614 exemplo
320 4535 518 4616 interpretum
539 4541 616 4596 socri
636 4542 842 4615 instrumenti,
873 4542 927 4620 qui
947 4534 1112 4596 3313311313
1135 4533 1182 4591 rei

79 4617 258 4680 studuerunt
275 4630 308 4679 ut
321 4622 449 4701 ineptius
463 4625 556 4682 stiam
569 4644 632 4683 non
644 4643 712 4684 raro
724 4624 938 4684 admiscuerint
951 4625 1113 4702 plusquam
1128 4621 1180 4676 in-

79 4712 175 4784 eptes,
189 4716 223 4767 ut
236 4703 339 4770 311333
352 4718 439 4788 potes
451 4709 502 4772 rel
514 4728 554 4770 ex
564 4711 638 4771 solis
648 4711 845 4772 'collectaneis
859 4712 892 4790 in
906 4708 1050 4789 epistolas
1066 4705 1179 4781 Paulli,-
