2768 5174
182 733 256 808 aaa
493 727 651 804 ‚uorsa
674 727 720 796 ru
743 723 949 796 insons
1035 813 1036 818 Ν

183 904 298 980 cietque
314 898 382 976 lege
399 894 582 975 offlriqetquc.
627 895 810 956 Imtinianns
823 897 963 956 Prooem.
978 892 1197 974 iustit.p1inc.:
1219 892 1280 950 circ-

178 985 363 1065 perutoriom
389 982 574 1040 metutam
598 1001 659 1040 reon
682 981 780 1040 colum
804 982 900 1040 armis
925 979 1097 1040 decoratam
1115 978 1170 1038 ced
1188 980 1281 1036 etrum

182 1068 350 1132 LEGIBUS
366 1076 549 1144 oportuerea
562 1067 774 1128 ARMATAM.
796 1085 869 1128 sane
885 1077 915 1128 et
926 1076 1028 1130 noster
1040 1085 1130 1126 versu
1140 1064 1281 1145 sequenti

182 1153 283 1216 addit:
314 1150 446 1212 barbam
459 1153 614 1210 Romnae
636 1151 793 1231 augebunt
815 1149 895 1210 bella
915 1151 1094 1231 umospboe,
1127 1169 1283 1229 regnaque

182 1240 237 1300 sub
250 1241 355 1300 cestris
367 1237 661 1317 venunrfirtc'ceimo
671 1237 799 1316 planu.
842 1240 964 1299 Voucn.

266 1329 318 1389 61.
361 1324 442 1384 uuor
453 1322 557 1404 legum
568 1325 696 1402 iniquos]
719 1323 857 1394 similiter
868 1324 914 1384 illi
929 1321 1052 1396 dictum,
1074 1317 1283 1398 uuisrelc‘gsb-

181 1433 234 1472 eree
244 1409 295 1471 rel
307 1408 562 1487 religiosissimus,
590 1427 667 1489 qnae
683 1418 728 1467 est
741 1409 807 1468 laus
818 1409 1007 1487 imperatoris
1020 1409 1115 1466 Marci
1126 1403 1207 1484 apud
1219 1406 1282 1463 Pa-

180 1498 338 1578 pinianum
353 1494 408 1554 lib.
424 1495 465 1558 67
485 1489 574 1574 §ult-
590 1495 631 1554 D.
645 1491 684 1552 de
698 1494 827 1572 legabss
845 1504 876 1555 et
887 1495 1087 1556 lastinianum
1099 1493 1132 1550 in
1144 1509 1281 1570 prooem.

180 1584 310 1642 lustitnt.
353 1582 447 1638 lituu.

265 1663 307 1732 ib.
353 1664 447 1742 eneis]
469 1664 567 1744 prisce
579 1662 732 1743 republica
744 1663 778 1721 in
793 1663 948 1742 suppliciis
964 1661 1140 1741 capitalibus
1152 1677 1213 1718 non
1224 1679 1283 1716 en-

180 1754 223 1812 sis
242 1749 297 1810 sed
314 1751 437 1810 securis.
480 1749 535 1810 sub
556 1748 786 1828 imperatoribus
807 1747 927 1827 gladius
945 1746 1143 1812 introductus.
1188 1745 1284 1802 critici

181 1855 285 1896 omnes
297 1837 391 1896 nostri
404 1834 479 1892 aevi.
517 1832 674 1896 claudian.
689 1832 728 1892 de
744 1834 824 1892 bello
840 1831 981 1894 undum:
1004 1835 1092 1894 tutae
1107 1834 1171 1890 iam
1184 1831 1283 1888 cereis

95 1921 98 1926 ’
181 1921 268 1982 solitu
280 1939 420 1980 mucrone
432 1929 554 1979 rotetru.
598 1929 630 1978 at
651 1917 691 1977 de
717 1916 738 1982 4
751 1921 864 1980 Honor.
880 1919 1055 1980 consulatu:
1075 1916 1193 1996 gladiis
1209 1912 1283 1972 ειιὸ-

180 2009 304 2068 nurture!
318 2005 398 2066 collo
409 2005 540 2082 paratae.
585 2013 697 2082 etpost
713 2003 821 2064 eodem
833 2007 1038 2083 Panegyricos
1070 2023 1132 2062 ruore
1149 2001 1283 2060 imnum!

181 2095 269 2152 mre.
315 2101 345 2149 et
359 2093 391 2150 iu
402 2089 514 2150 nufun.
532 2092 566 2165 1,
588 2090 641 2150 ubi
659 2090 756 2148 multa
773 2089 851 2148 mihi
866 2089 945 2150 dicta
964 2109 1005 2148 ex
1017 2091 1055 2148 10
1076 2099 1106 2146 et
1121 2087 1205 2148 aliis:
1225 2103 1283 2162 pro

92 2185 98 2192 “
179 2179 297 2238 maeror
312 2196 379 2238 enee
394 2173 544 2252 parcendi
561 2174 669 2234 rabies.
707 2176 849 2236 Danaen.
893 2173 1002 2234 alludit
1027 2191 1166 2254 eaquae
1192 2171 1284 2228 latius

179 2264 265 2342 leges
284 2261 305 2325 4
324 2259 382 2337 48,
411 2271 442 2318 et
463 2279 541 2342 quae
560 2259 698 2339 pluribus
719 2279 873 2340 exponere
898 2258 1001 2320 studui
1025 2262 1060 2320 in
1081 2257 1283 2318 Praefatione·
1339 2245 1347 2274 ‘

180 2350 319 2496 Fmssfi.
362 2428 464 2507 virgo]
486 2428 599 2505 pietas:
620 2445 693 2492 nam
712 2425 797 2508 quod
809 2429 938 2490 Mariam
952 2383 1193 2507 ‘adscripserauu
1222 2442 1283 2483 nou

181 2514 472 2676 pmbolibnxluau]
494 2597 563 2675 lege
582 2613 683 2674 passm
727 2597 849 2658 Voucu.

266 2684 319 2750 69.
341 2703 411 2743 cnm
424 2679 465 2741 ad
476 2681 567 2740 finem
579 2677 670 2741 hunus
686 2700 790 2742 verens
807 2681 984 2761 imperfecte
998 2690 1183 2742 certantum
1198 2679 1284 2758 lege·
1322 2677 1327 2698 ¹

182 2779 265 2829 reuss
276 2769 309 2826 in
324 2787 387 2842 ms,
415 2787 471 2826 nos
495 2766 609 2824 eatenis
632 2786 673 2825 ex
687 2770 856 2828 coniectura
873 2766 1148 2846 superaddidimus.
1190 2767 1284 2826 Rosa.

182 2855 289 2916 limina
300 2851 424 2912 aedium
436 2851 640 2931 imperialium
655 2853 797 2912 cancellis
813 2851 1047 2928 claudebantur3
1068 2863 1139 2912 nota
1152 2871 1211 2910 res.
1233 2851 1284 2909 Si-

183 2938 255 3000 don.
269 2940 403 3017 Apollin·
420 2935 509 3016 lep.
525 2941 563 3000 2:
585 2935 706 2996 ioelum
719 2937 795 2996 veleb
810 2936 962 3016 (limina),
984 2939 1114 2998 'accim
1130 2934 1281 2996 caracellae.

65 3041 67 3048 ’
115 3035 117 3040 “
182 3028 330 3104 interpres
344 3022 549 3083 doctissimus:
562 3021 738 3102 'quoresero
750 3020 946 3086 illndlulieni
960 3025 1103 3104 principia
1118 3023 1162 3096 εἰς
1178 3016 1287 3103 sciree-

183 3113 238 3174 too
260 3108 376 3183 ciuiuus
403 3099 445 3187 die
466 3107 586 3190 ulelopc
605 3101 652 3186 μ’,
674 3100 811 3188 ἆνέῳγα,
834 3107 886 3171 saul
905 3102 947 3187 ἢν
966 3107 1067 3194 elipe,
1088 3109 1214 3180 κλείσεις
1231 3117 1284 3184 με’

66 3203 68 3212 ’
182 3201 267 3268 τοῖος
280 3190 340 3257 icio
355 3198 457 3274 τηρεῖν
471 3187 526 3254 oio
543 3185 691 3272 diuoooo’
706 3187 850 3271 δύναμαι.
892 3191 948 3254 sed
962 3191 1001 3253 de
1016 3195 1146 3266 catenis,
1177 3192 1285 3271 quibus

183 3280 260 3339 ostia
273 3278 499 3352 muniebantur,
525 3295 588 3334 non
601 3279 728 3336 memini
741 3297 791 3336 me
808 3279 970 3360 quicquam
984 3279 1112 3358 legisse,
1133 3278 1192 3336 uici
1208 3275 1284 3334 forte

184 3365 325 3422 ianitores
348 3373 498 3422 catenatos
515 3358 573 3422 hoc
585 3361 884 3443 loco'intelligamus.
926 3365 1050 3424 Sueton.
1065 3362 1103 3422 de
1118 3362 1190 3422 clar.
1207 3357 1286 3422 rhet.

183 3452 221 3512 δε
243 3447 354 3508 dc'cc'w
371 3451 495 3508 muse
517 3457 608 3526 utque
630 3451 770 3506 ostiarius
791 3451 884 3508 veteri
899 3467 980 3508 more
993 3450 1027 3506 irc
1042 3459 1162 3508 caterua
1169 3445 1282 3525 fruare.

183 3530 325 3594 Budaeus
337 3531 359 3595 4
371 3536 409 3608 3,
439 3542 470 3590 et
491 3533 585 3592 critici
600 3529 641 3590 ad
654 3534 776 3594 Petron-
789 3532 947 3594 Claudiam
963 3538 982 3596 3
999 3531 1037 3592 de
1052 3543 1155 3614 raptu:
1178 3529 1287 3590 donuae

61 3647 68 3664 x
185 3616 318 3676 recubui
339 3616 520 3678 incustodita
541 3619 670 3676 rereotie.
716 3619 832 3678 Tibull.
859 3621 938 3694 16,
974 3617 1062 3678 Orid.
1087 3622 1190 3678 Amor.
1216 3617 1285 3689 16,
1375 3613 1379 3628 ’

184 3699 353 3762 Cassiodor.
368 3703 408 3786 ii
423 3699 475 3765 40.
503 3702 647 3762 Afranius
661 3701 744 3782 apud
754 3705 903 3764 Nonium:
926 3706 1060 3764 uubnin
1075 3703 1287 3782 irrrpedimeutu

183 3788 319 3846 iacturis
334 3786 436 3846 αιιάὼ.
481 3787 622 3856 Danaen.
681 3821 690 3840 ο

267 3871 309 3930 ib.
355 3869 393 3932 de
412 3873 589 3948 ianitoribus
610 3873 753 3934 catenatis
767 3873 914 3952 exposui,
944 3871 1000 3934 sed
1011 3890 1190 3954 perperam:
1214 3889 1287 3931 nam

185 3973 269 4015 seme
289 3957 480 4039 antiquorum
499 3959 631 4037 pensiles
654 3969 738 4018 erant
757 3960 940 4020 transanissis
960 3961 1088 4035 catenis,
1118 3978 1194 4040 quae
1207 3958 1290 4037 posti

184 4041 374 4116 inserebant,
403 4053 438 4100 ut
452 4061 522 4102 omn
534 4045 642 4104 ianuae
656 4054 755 4104 esseut
767 4041 964 4123 aperiendae,
994 4065 1011 4103 e
1028 4047 1155 4118 catenis,
1178 4043 1288 4124 quibus

186 4123 398 4202 inhaerebant,
424 4146 509 4187 aerae
529 4131 748 4205 eximerentur,
776 4130 867 4208 longe
886 4131 947 4189 alio
963 4132 1023 4190 ritu
1037 4132 1204 4210 quantiam
1215 4127 1286 4186 fiat:

185 4229 259 4270 nam
275 4229 358 4270 serae
373 4213 540 4291 priscorum
554 4215 751 4294 exemptiles,
770 4226 891 4274 nostras
906 4215 998 4274 fixae.
1025 4215 1186 4274 Turnebus
1203 4215 1243 4276 19
1255 4217 1289 4276 7.

185 4294 329 4356 Ovidius:
350 4307 413 4354 toto
420 4307 509 4376 patet
521 4299 643 4379 dempta
657 4302 752 4359 runuo
765 4312 868 4360 nostro
880 4321 956 4360 cero.
984 4310 1015 4359 et
1029 4301 1110 4360 Faet.
1125 4303 1162 4363 1:
1183 4307 1212 4356 et
1225 4299 1289 4356 iam

185 4384 373 4462 morigeram
378 4393 514 4460 portam,
532 4385 679 4444 Sauum
692 4388 778 4448 cuiue
790 4387 960 4464 dempserat
972 4388 1127 4465 appositus
1138 4381 1290 4446 invidiosa

187 4489 280 4528 auus.
324 4465 408 4526 idem
420 4471 524 4528 Amor.
543 4473 561 4533 1
579 4473 611 4534 6.
653 4475 730 4532 Non.
752 4474 786 4532 in
799 4471 988 4550 potibulrcrm
1032 4473 1154 4532 Peteon.
1168 4470 1288 4548 satyra

188 4553 263 4612 mem
276 4553 440 4634 loquimur,
461 4575 528 4613 aero
539 4576 596 4614 um
609 4569 712 4635 sponte
724 4558 852 4636 delapsu
863 4559 981 4629 cecidet,
1008 4557 1201 4640 reclusaeque
1214 4551 1290 4614 sub-

188 4639 229 4694 ito
234 4639 338 4716 sorece
377 4650 408 4700 et
419 4638 460 4700 ad
470 4641 555 4700 illam
569 4641 816 4704 cousuetudinem
827 4644 940 4719 allusit,
958 4652 992 4704 ut
1008 4651 1092 4724 puto,
1113 4644 1252 4720 Propert.
1269 4636 1292 4704 4

192 4723 249 4785 tt:
272 4735 303 4781 et
312 4727 411 4794 rucene
426 4729 519 4788 meua
532 4728 622 4809 lapso
636 4739 743 4790 cauce
756 4750 833 4790 auu.
878 4732 926 4790 ln.
