2834 5138
437 285 705 376 ronunos
729 305 813 378 nur.
837 309 914 378 vn.

201 471 360 552 fatidicus,
381 473 492 534 nostris
508 471 624 546 donans
637 493 693 554 per
702 477 821 556 proelia
836 473 951 536 Marri-is

198 577 322 655 Byzecii
341 595 480 656 campos,
503 579 650 638 Carcasan
666 579 710 636 ire
724 579 887 657 superbum

201 698 256 756 per
274 680 404 770 Libycos
418 681 548 759 populos
561 690 591 738 et
605 699 713 759 pacem
727 677 853 776 reddere
864 678 991 741 mundo.
1048 709 1054 726 ·
1139 709 1142 718 ·

186 782 359 841 ‚Armncnis
372 781 421 842 his
434 781 522 842 dictis
536 791 642 860 gentes
654 783 781 842 Bellona
796 784 894 862 coegit

104 879 179 947 620
200 883 374 944 innmneras
385 895 500 944 vestros
514 887 624 942 iterum
637 903 769 944 remeare
784 905 839 965 per
851 881 953 964 'agrcn

200 985 326 1067 ipseque
341 987 393 1068 qui
408 983 515 1046 ductor
528 996 628 1046 tecum
644 989 830 1046 committere
844 1005 980 1066 pugnam

199 1089 261 1146 iam
276 1089 389 1163 voluit,
410 1097 530 1148 vertens
545 1089 841 1176 anirncsfluenfeius
856 1087 952 1148 hostis

199 1188 316 1250 distulit
331 1209 414 1249 arma
426 1191 488 1249 viri
501 1202 695 1272 mentemque
707 1211 725 1249 a
738 1194 835 1250 Marte
850 1193 978 1264 reflexit,

199 1292 323 1352 consilio
337 1290 393 1351 sed
405 1291 494 1352 valde
509 1295 604 1371 gravi.
647 1304 681 1354 tu
695 1296 807 1376 quippe
830 1294 963 1372 fugaces,
1050 1275 1053 1282 ⁴

101 1391 176 1460 625
198 1414 275 1474 qnos
289 1395 418 1473 populos
435 1413 498 1452 non
511 1395 556 1454 ira
573 1397 689 1474 magis,
710 1415 773 1454 non
784 1405 880 1454 terror
893 1395 1017 1452 acerbus

197 1493 253 1554 hos
267 1498 377 1575 agitat,
396 1499 549 1578 rictusque
563 1507 685 1577 pavent.
726 1508 761 1556 nt
775 1507 873 1556 vestra
889 1499 996 1573 fatiget

197 1610 293 1658 castra
306 1600 419 1676 furnes,
441 1599 557 1658 finxere
569 1600 690 1678 firgnm,
711 1599 856 1680 vobisque
869 1599 986 1656 labores

196 1711 259 1759 arte
276 1714 392 1780 parant.
436 1714 541 1782 gentes
556 1713 725 1762 nostraene
740 1699 828 1760 crede
842 1701 976 1780 fugaces,

198 1805 224 1862 ai
236 1807 337 1863 veniat
350 1807 506 1884 princeps,
529 1814 686 1886 totumque
701 1802 861 1862 exhauriat
873 1805 987 1878 orbam,
1047 1863 1048 1866 ,

72 1941 73 1944 “
102 1903 175 1970 530
195 1895 299 1965 secum
316 1905 356 1966 ad
372 1907 452 1966 bella
465 1923 602 1966 movens.
645 1927 702 1965 nec
716 1908 918 1966 Maximianus
932 1912 1050 1985 apertas

194 2008 240 2066 bis
254 2009 351 2087 putuit
364 2007 498 2066 conferre
510 2027 636 2084 manus,
659 2029 730 2076 cum
741 2019 859 2090 sceptra
877 2017 993 2067 teneret

193 2112 323 2170 Romani
336 2092 476 2190 princeps
487 2112 610 2190 populi,
631 2113 787 2192 victorque
800 2129 855 2190 per
867 2129 973 2170 ornnes
1081 2145 1085 2158 ·

183 2193 366 2270 ⁸Poenortnn'
377 2223 482 2290 gentes
497 2214 587 2272 bellis
598 2216 739 2272 transiret
754 2213 881 2272 acerbis.

192 2324 224 2372 at
235 2313 343 2400 motio,
366 2333 436 2372 cum
450 2311 541 2373 donet
557 2317 706 2396 responait
719 2316 826 2373 certior
839 2305 971 2372 Amnon

100 2413 171 2482 635
192 2435 333 2496 prospera
346 2417 426 2474 belia
442 2418 519 2492 suis,
540 2421 739 2496 Languantan
756 2413 861 2476 cedere
876 2417 971 2492 siguis

192 2530 243 2577 aut
256 2519 370 2596 fugisse
382 2516 495 2598 putari
537 2521 633 2578 velles
646 2517 723 2594 hcc,
746 2516 852 2576 ductor
865 2520 983 2575 scrire:

192 2618 320 2690 sednon
335 2623 378 2680 sic
391 2632 442 2679 tna
457 2621 519 2680 suta
534 2613 669 2682 roientffl
710 2631 784 2678 tunc
797 2617 1030 2677 verberamus

191 2721 353 2802 indignans
367 2725 483 2782 saevire
498 2722 567 2799 diu,
590 2725 633 2782 sic
648 2741 700 2780 ora
713 2722 853 2780 resolvit:

185 2819 240 2883 '‘ut
254 2825 352 2904 magis
365 2822 422 2883 hos
433 2835 550 2885 nostros
564 2825 691 2884 teneatis
707 2824 815 2882 certius
829 2813 950 2900 agros.”

97 2923 168 2996 640
188 2929 231 2986 sic
248 2930 305 3002 uit,
328 2939 357 2986 et
374 2927 508 3008 quinque
524 2928 630 2986 erectis
645 2926 729 2983 iubet
743 2921 848 2982 ordine
862 2923 953 3002 liguis

188 3031 289 3108 stipite
305 3028 449 3109 suspendi
462 3033 635 3088 Maurorum
650 3027 726 3085 coila
739 3027 867 3086 bicorni.

187 3132 271 3193 iussn
285 3133 442 3212 praecipiti
459 3134 572 3192 celeres
586 3132 687 3190 fecere
703 3129 843 3189 ministri·
866 3149 868 3154 ·

537 3340 744 3358 Μ

200 3603 203 3612 .
301 3473 536 3572 munst
601 3475 1009 3574 sucurritis,

186 3630 229 3734 P
230 3679 369 3752 ostquam
387 3673 548 3732 consilinm
564 3671 668 3732 ductor
684 3670 823 3752 cognorit
837 3667 987 3748 iniquum,

185 3781 276 3852 atque
290 3761 394 3833 omnes
410 3785 533 3854 patuere
547 3774 625 3850 doli,
648 3775 803 3854 gentisque
819 3767 968 3828 nefandae

183 3877 331 3954 persensit
349 3873 469 3934 crudele
485 3878 586 3952 nefas,
609 3887 680 3934 tunc
697 3886 802 3934 cuncta
817 3872 974 3932 revolvens

184 3976 291 4036 obtutu
307 3980 397 4037 tacito
411 3979 521 4039 mentis
538 3967 675 4038 discurrit
691 3995 817 4038 acumen
892 4034 896 4040 .

93 4125 147 4182 521
167 4083 397 4196 qaecdd.M'·'
447 4128 502 4182 524
518 4129 615 4182 tnnM
665 4173 666 4176 ,
720 4125 773 4183 525
789 4123 880 4177 irrs'I'
915 4125 918 4132 ⁴
982 4119 1034 4174 529
1050 4111 1207 4169 uenistffl'

93 4196 152 4250 535
167 4195 265 4265 signis]
284 4195 374 4250 ruisi*
463 4197 516 4252 586
533 4199 593 4267 aut]
612 4197 686 4248 anM
772 4195 837 4248 itu.
853 4189 974 4266 taliasi'
1017 4221 1021 4227 -
1057 4183 1108 4241 att
1125 4183 1204 4238 nnu-

94 4281 184 4318 rcrutn
196 4265 240 4332 M,
258 4264 381 4319 morietur
393 4265 418 4320 Τ
520 4268 573 4324 542
588 4265 663 4320 iussit
675 4266 707 4320 Τ.
1169 4295 1170 4300 =
1298 4275 1302 4292 ·

145 4360 247 4416 arsroa
264 4367 294 4426 ‚ct
315 4361 375 4415 Gor.
782 4415 793 4434 .
956 4343 995 4409 14
