2768 5174
188 622 263 706 294
397 625 540 694 NOTAE
563 623 609 694 IN
634 625 831 700 efflatur.
857 625 1085 704 LIBRORUM

187 789 383 860 intellexerit.
426 789 544 869 scripsit
558 789 703 870 corippus
715 789 773 848 cub
787 789 870 850 redes
881 791 963 852 dedit
979 811 1040 850 esee
1051 801 1132 850 scus:
1155 790 1289 871 loquitur

179 879 272 943 ‚euim
286 876 324 936 de
336 872 514 944 iamdudum
530 875 586 936 leti
599 873 809 935 benevolentia
823 874 942 935 subdito
954 878 1082 956 imperio
1095 878 1209 934 lustino
1223 894 1288 938 suc.

189 960 334 1022 eruditior
352 981 424 1020 seue
446 963 602 1039 scripture.
651 969 682 1019 et
709 957 784 1040 quid
808 963 939 1021 venisset
960 964 992 1020 in
1014 971 1148 1020 mentem
1166 960 1288 1018 librario

185 1045 315 1126 pedihus
334 1045 415 1104 sedec
434 1043 629 1118 substituere,
654 1047 682 1104 si
702 1045 869 1106 faciliorem
892 1065 998 1106 vocem
1014 1049 1046 1104 in
1063 1047 1139 1104 libro
1154 1047 1289 1103 iuvenis-

184 1129 256 1212 μειεζῒ
300 1132 437 1192 allusisse
452 1150 534 1207 vero,
556 1149 640 1189 more
654 1150 719 1204 suo,
742 1130 887 1212 corippus
900 1130 1019 1192 ridetur
1032 1129 1147 1188 dictum
1161 1131 1193 1192 S.
1207 1131 1289 1188 Scri-

107 1263 119 1290 „
189 1227 293 1295 pturue
309 1219 341 1278 iu
356 1217 504 1278 Psuhuis:
526 1215 594 1282 sede
610 1213 654 1292 cd
670 1214 807 1278 dextram
824 1235 936 1288 oseam,
956 1216 1048 1278 donec
1057 1235 1174 1293 ponam
1187 1215 1291 1282 lutmi-

189 1319 239 1360 coa
252 1309 318 1360 tuoe
330 1298 496 1366 scabellum
503 1300 619 1378 pedum
631 1310 761 1359 tuorum.
807 1299 889 1382 quod
901 1301 938 1360 ab
951 1312 1071 1362 seteruo
1084 1319 1154 1379 rege
1165 1302 1238 1359 sclte
1251 1295 1291 1358 ed

190 1389 401 1466 imperatorem
416 1404 506 1444 suum
520 1381 699 1451 traduxerit.
742 1388 868 1448 ΒΑΜ-ιι.

274 1474 305 1536 8.
349 1471 512 1528 decrescere
517 1469 613 1549 fecit]
636 1489 691 1549 per
702 1480 808 1528 mutus
820 1471 964 1529 uhuirmu
976 1470 1101 1548 prseliu,
1123 1486 1200 1548 quae
1213 1467 1291 1526 inter

189 1577 224 1616 se
234 1557 428 1631 miscuerunt,
441 1551 524 1635 quud
538 1554 722 1618 enuclestlus
737 1560 826 1636 poeta
839 1557 965 1635 exponit
971 1574 1002 1613 r.
1013 1559 1053 1620 12
1062 1553 1091 1612 et
1101 1573 1186 1636 seqq.
1208 1555 1292 1626 Mur·

191 1641 303 1708 tlul1s7
325 1641 366 1706 63
388 1643 427 1706 6:
448 1629 599 1698 decrevere
608 1659 729 1726 greges,
742 1660 812 1698 cum
827 1641 910 1700 cade}
921 1661 1006 1720 agna
1011 1639 1169 1722 frequens.
1192 1639 1292 1697 Foco.

278 1722 309 1794 4.
354 1719 391 1784 de
409 1723 559 1784 Aruribus
579 1727 658 1786 luter
677 1727 756 1790 sliss
772 1726 913 1786 ber-baras
935 1735 1040 1804 gentes
1059 1723 1179 1786 etiamsi
1195 1724 1293 1782 multe

191 1809 305 1872 mentio
317 1809 368 1888 liet
381 1811 414 1876 in
426 1807 485 1874 hoc
497 1811 620 1890 Gorippi
631 1817 789 1890 pc'emute‚
810 1830 871 1870 uon
883 1822 985 1872 temen
1001 1809 1053 1890 qui
1066 1819 1117 1868 sut
1129 1805 1209 1868 unde
1221 1809 1292 1881 siut,

191 1896 283 1974 longe
308 1891 477 1976 diffissaque
499 1898 670 1954 narratione
694 1895 810 1970 dicum,
831 1905 898 1955 tum
915 1893 997 1975 quod
1013 1913 1069 1974 ego
1086 1913 1146 1952 nou
1165 1911 1215 1950 rue
1233 1893 1293 1950 co-

194 1982 272 2059 rippi
293 1981 418 2060 plenum
439 1976 632 2040 scholiastem
652 1978 744 2040 modo
764 1999 853 2059 egere
869 1980 1024 2060 profitear,
1045 1990 1111 2038 tum
1123 1977 1194 2042 vero
1211 1974 1294 2056 quod

193 2063 272 2126 iuter
292 2065 367 2128 ulios
390 2075 527 2124 auctores
547 2067 695 2143 Evsgrius
711 2065 731 2131 6
748 2066 864 2124 Eccles.
885 2063 958 2126 hist.
980 2064 1095 2127 Aberos
1117 2062 1180 2142 (itu
1201 2063 1294 2137 enim.

194 2157 227 2208 ut
247 2149 384 2230 plerique
405 2150 476 2225 ulii,
498 2145 628 2208 declinet
650 2160 680 2208 et
704 2149 828 2228 scribit)
851 2160 881 2208 et
906 2159 996 2228 geute
1019 2145 1217 2228 Scyssmmm,
1241 2148 1295 2226 qui

166 2265 169 2271 ν
195 2235 377 2292 Hamaxobii
391 2236 504 2314 quique
517 2253 605 2316 agros
617 2235 696 2296 ultra
704 2234 872 2296 Caucasum
883 2236 1015 2300 iacentes
1029 2234 1176 2307 cuculum,
1190 2233 1297 2292 oriun-

196 2315 251 2377 dos
265 2337 331 2384 esse
345 2329 456 2380 narret.
484 2317 570 2378 fuere
584 2337 655 2376 vero
667 2319 781 2376 Avares
797 2337 875 2376 anno
890 2319 1010 2397 imperii
1023 2318 1131 2377 lustiui
1147 2326 1252 2396 quarto
1263 2317 1298 2375 in

195 2399 336 2461 Thraciis
351 2399 463 2460 devicti
474 2419 529 2480 per
541 2401 700 2462 'liberium
712 2401 921 2463 excubitorum
937 2403 1086 2476 comitem,
1103 2402 1156 2481 qui
1170 2397 1297 2479 deipsis

197 2486 416 2566 amplissimum
435 2487 592 2545 victoriam
613 2486 731 2566 cpolim
757 2489 935 2567 reportavit,
967 2496 1001 2545 ut
1020 2487 1121 2547 Victor
1138 2487 1297 2564 episcopus

197 2571 372 2630 Trmuensis
392 2573 426 2630 iu
445 2569 565 2646 Africa,
588 2572 652 2631 eius
673 2573 778 2636 astutis
794 2573 935 2650 scriptur,
956 2581 1083 2631 testetur
1096 2573 1129 2628 iu
1142 2568 1297 2634 chronicis

153 2719 154 2722 Ἴ
200 2652 239 2714 ed
260 2656 426 2716 Eusebium
445 2656 579 2736 aliosque
605 2675 710 2716 secum
728 2667 864 2717 eudorus
887 2655 1023 2718 adiectis.
1063 2653 1098 2714 id
1117 2652 1217 2714 adhuc
1239 2653 1298 2714 hcc

197 2740 284 2817 loco,
304 2741 358 2800 ubi
371 2743 505 2822 primum
514 2760 627 2800 nomeu
639 2743 774 2821 ipsorum
786 2744 921 2802 Avarum
941 2741 1084 2816 ccurrrit,
1111 2739 1297 2820 significabo,

198 2844 318 2906 semper
331 2829 365 2885 in
380 2837 481 2890 nostm
494 2845 542 2887 ms
555 2827 722 2906 exemplari
735 2846 790 2907 per
804 2847 825 2886 ν
836 2827 969 2886 litterum
983 2836 1214 2899 consonantem,
1235 2845 1299 2888 nun

198 2920 301 2978 eutem
326 2909 417 2992 ponb
440 2912 519 2990 legi,
548 2913 637 2971 sicuti
662 2909 745 2990 spud
772 2913 932 2993 plerosque
954 2919 1089 2972 auctores
1111 2909 1214 2972 videre
1241 2919 1298 2970 est.

198 2997 292 3056 lium.
334 2998 469 3067 Acorea,
492 3015 620 3076 quorum
633 2993 793 3075 descriptio
806 2995 888 3076 apud
900 2999 1069 3076 elegantem
1083 2996 1184 3055 ultimi
1197 2996 1298 3054 hutini

199 3082 267 3138 ueri
288 3091 389 3140 retem
415 3081 593 3160 Gorippum‚
621 3081 741 3161 Ungori
758 3101 821 3140 nou
840 3084 905 3141 sine
920 3085 1035 3144 ratione
1048 3077 1190 3139 videntur
1203 3097 1221 3138 u
1234 3081 1299 3138 Go-

199 3163 331 3224 thofrido
351 3166 531 3225 viterbiensi
550 3163 733 3245 chronologo
755 3168 911 3246 appellati.
952 3169 985 3226 iu
1005 3183 1099 3246 quum
1121 3183 1186 3224 rem
1207 3183 1299 3243 prue-

200 3269 269 3309 sens
288 3251 409 3325 venies,
430 3252 456 3308 si
474 3247 737 3331 Theophylactum
749 3253 935 3312 Simocutsm
955 3249 1081 3310 historia
1095 3251 1232 3308 blsuricii
1250 3249 1316 3308 lc·-

200 3335 291 3413 geris.
333 3333 470 3394 eiusdem
489 3337 534 3394 rei
554 3347 683 3398 assertor
701 3336 789 3396 nobis
801 3347 850 3396 est
864 3355 985 3417 quoque
1000 3331 1222 3413 Megloiredus,
1243 3334 1300 3414 qui

200 3428 271 3476 cute
291 3437 387 3478 anuos
407 3431 565 3480 sexcentos
582 3418 741 3481 historiam
755 3422 941 3482 limmerumi
958 3423 1086 3499 scripsit.
1129 3419 1220 3486 verbs
1232 3421 1317 3480 eius-⁹

201 3512 291 3564 suut:
319 3504 397 3562 inter
416 3507 576 3584 angruu'us
596 3505 788 3584 disceptantis
806 3506 1001 3564 corucs'enu'oc
1019 3503 1174 3582 partuum
1195 3514 1239 3562 eet
1256 3503 1304 3564 ad

202 3607 270 3646 eum
283 3586 418 3660 Avares,
439 3609 513 3670 quos
529 3589 600 3649 alm
613 3588 784 3668 nommibua
796 3592 908 3650 Hunos
921 3600 949 3646 et
964 3591 1083 3669 Ungroe
1094 3587 1301 3670 appellaretur,

203 3669 382 3732 Pannonios
396 3673 530 3736 incolam
543 3674 732 3734 islclolatn'ac
747 3673 884 3756 squalere
899 3684 1030 3744 vetum,
1051 3683 1081 3732 et
1093 3675 1126 3732 irs
1139 3675 1206 3734 luce
1217 3673 1302 3732 oud·

203 3755 304 3814 tantm
316 3757 352 3815 id
363 3757 496 3818 locorum
506 3762 644 3840 gastrim
656 3758 737 3818 Iscuo
747 3758 844 3820 solum
858 3761 994 3820 ceruam
1008 3757 1087 3820 ἀίω
1102 3779 1164 3818 non
1177 3755 1297 3819 tabee

202 3839 286 3899 idem
306 3845 398 3904 sentit
420 3846 567 3904 Iuvencus
589 3841 718 3904 Gaedius
738 3844 883 3906 cnlanust
905 3845 1031 3915 Hunni,
1052 3845 1107 3922 qui
1122 3849 1152 3902 'et
1164 3842 1301 3914 Avares,

201 3947 282 3984 ruane
297 3938 397 4004 ardere
414 3929 545 4008 Ungurr',
566 3931 601 3986 irs
615 3927 725 3988 otum
735 3929 889 3988 Muectrce
902 3927 1138 3988 caccavorum·
1171 3925 1302 3988 cundem

203 4021 327 4090 gentem
352 4013 503 4074 ctam
521 4033 641 4096 quoque
661 4023 799 4076 vocatam
817 4013 913 4076 disces
934 4033 976 4078 ex
994 4023 1079 4095 parte
1097 4012 1119 4079 4
1136 4014 1303 4078 sunctum

204 4093 362 4158 Michettlis
375 4099 499 4178 clypeo.
541 4101 671 4158 Bssrm
823 4149 825 4156 t
998 4163 1000 4166 ,
1228 4101 1234 4120 ·

287 4181 328 4240 r'b.
375 4181 595 4242 colubrimcdis.
639 4185 791 4244 Diaconns
804 4187 860 4248 16:
881 4185 1002 4248 Auum
1022 4180 1176 4243 habeberet
1191 4190 1303 4240 renus»

203 4287 271 4324 rum
284 4279 383 4328 comus
388 4267 529 4346 prolivae
541 4267 631 4326 valde
640 4280 732 4348 utque
738 4269 908 4348 perplexus.
953 4271 1026 4330 facit
1036 4267 1088 4328 hic
1099 4269 1183 4328 locus
1195 4275 1230 4328 ut
1242 4285 1301 4345 pu·

204 4360 266 4408 tem
280 4353 393 4412 Avares
407 4353 585 4412 conuenire
598 4373 663 4414 esse
678 4365 799 4432 gentem
816 4353 830 4432 (
837 4353 937 4416 dicam
949 4366 1056 4416 tamen
1065 4353 1146 4412 iufra
1160 4356 1181 4416 3
1201 4348 1301 4429 271):

99 4439 101 4446 ’
204 4435 362 4496 conuersis
384 4439 466 4508 euim
487 4437 636 4498 fuuffisre
659 4441 755 4500 crines
770 4442 979 4502 ,catumeum
1004 4439 1222 4500 etiucirrum
1237 4446 1302 4496 tor·

204 4537 314 4597 quere,
336 4519 375 4580 ud
396 4517 668 4602 pulchritudinem,
690 4535 725 4586 ut
746 4536 840 4604 puto,
861 4525 1037 4605 furioseque
1049 4521 1190 4584 decorem
1200 4522 1302 4580 couci·

204 4603 351 4672 liundoru-
394 4607 522 4669 llsrtial.
535 4619 668 4690 spectro.
682 4629 730 4690 ep.
746 4615 783 4676 tt:
805 4608 994 4678 minicium
1014 4607 1127 4672 nodum
1147 4606 1231 4669 erce
1250 4624 1302 4664 νο-
