2768 5174
178 624 252 702 343
491 625 648 694 ·ΝΟΤΔΕ
672 625 718 692 ΙΝ
743 621 949 692 LIBRUMI

177 801 257 874 ima,
280 815 357 878 quae
374 792 451 854 duae
468 795 501 852 in
516 793 643 853 retunde
659 804 709 854 aut
723 793 803 854 ovali
817 793 916 867 forma
930 791 1152 870 coniunguntur
1167 787 1289 850 duabus

179 883 430 942 extremitatibus.
472 882 599 940 Blaru.

265 989 337 1050 327.
381 983 568 1062 bulengerus
589 981 670 1042 hunc
690 983 784 1041 citans
806 981 925 1061 Corippl
946 981 1048 1040 locum
1063 999 1119 1059 pro
1133 1001 1199 1038 una
1211 979 1288 1058 legit

181 1091 273 1140 wne,
296 1070 412 1127 nullam
423 1067 513 1127 buius
525 1071 663 1127 lectionis
676 1067 814 1126 adferens
828 1059 984 1142 r'ationem,
1007 1077 1037 1123 at
1050 1065 1186 1144 proiecto
1200 1075 1288 1122 acute

181 1153 318 1214 alludens
339 1153 508 1212 adhibitam
527 1157 561 1212 in
580 1155 767 1213 Circensibus
786 1155 973 1211 sortitionem
989 1161 1053 1209 tum
1068 1152 1205 1210 locorum
1220 1161 1286 1208 tum

181 1240 410 1324 quadrigarum,
434 1239 471 1298 de
488 1260 548 1320 qua
564 1239 646 1298 idem
659 1241 845 1318 Bulengerus
861 1259 887 1297 c.
906 1241 954 1302 13.
997 1239 1096 1296 Foco.

265 1343 338 1408 328.
381 1341 500 1424 stada]
523 1344 603 1402 mala
629 1351 698 1400 ante
718 1340 830 1400 sude.
861 1344 896 1406 ’2
918 1342 997 1404 312:
1019 1339 1187 1400 studiomm
1202 1357 1288 1416 geu-

180 1428 234 1486 ds‘a
258 1438 398 1506 surgunt·
445 1432 569 1492 2836:
591 1427 759 1486 strrdtbrum
775 1429 877 1504 iurgia
893 1436 1014 1484 cessent.
1059 1426 1238 1504 sponsiones
1256 1425 1287 1479 in

183 1515 287 1587 Cir003
309 1511 378 1570 ideo
398 1511 484 1570 favor
501 1516 534 1570 iu
557 1510 636 1570 hauc
653 1523 705 1571 aut
721 1513 808 1580 illam
826 1513 991 1570 factionem
1005 1531 1127 1590 pronus.
1171 1509 1251 1565 Plin-
1267 1508 1288 1569 0

183 1621 231 1680 ep·
247 1601 284 1660 6:
298 1598 413 1676 fleverit
419 1619 540 1675 panno,
556 1619 700 1676 parinum
710 1609 830 1669 amant,
852 1608 880 1654 et
890 1600 934 1656 aie
946 1600 979 1654 in
993 1599 1057 1674 ipso
1072 1615 1163 1652 crirsu
1176 1592 1289 1650 neub-

184 1704 242 1764 que
265 1686 440 1754 certamine,
469 1683 520 1742 liic
540 1683 621 1741 color
639 1683 728 1755 illue,
755 1683 808 1740 ille
828 1683 889 1742 huc
912 1682 1128 1760 transferatur,
1155 1677 1290 1736 studium

176 1769 333 1850 favorque
348 1767 496 1826 transibit.
543 1767 630 1827 Ovid.
645 1767 682 1826 de
696 1772 768 1828 Arte
786 1773 821 1832 1:
845 1770 980 1848 quisquis
993 1770 1048 1824 erit
1058 1768 1110 1825 eui
1113 1765 1207 1843 favet
1218 1761 1274 1818 illa
1276 1803 1288 1832 ,

177 1855 268 1933 save.
313 1856 418 1912 Aruor.
441 1858 460 1919 3
480 1859 518 1920 2:
538 1855 684 1934 favimus
707 1857 829 1934 ignavo.
877 1855 933 1912 Sil.
954 1853 1021 1922 Ital.
1043 1857 1098 1916 16:
1121 1850 1172 1908 liic
1191 1847 1288 1906 studio

176 1939 265 2020 furit
284 1941 366 1997 aeris
388 1941 471 2018 equi,
484 1939 573 2018 furit
592 1940 644 1997 ille
660 1941 808 2020 magistri.
854 1941 959 2018 virgil.
973 1942 1050 1996 Aen.
1064 1936 1102 2002 6:
1124 1935 1289 2011 studiisque

177 2027 345 2106 faventum
358 2037 500 2082 comoneat
513 2046 599 2084 omne
611 2047 726 2084 mmsis.
753 2023 908 2084 claudian.
919 2024 956 2082 de
967 2027 986 2086 6
996 2027 1107 2084 Honor.
1116 2019 1290 2078 consulatu:

177 2111 303 2192 flagrat
324 2109 433 2168 studiis
458 2111 617 2169 concordia
637 2111 734 2190 vulgi.
781 2113 904 2192 sistique
925 2111 1095 2188 inscriptio,
1119 2101 1292 2164 Antiocbeti

188 2199 310 2274 aurigae
332 2199 571 2271 monimentum,
585 2197 702 2275 sevisti
718 2199 787 2254 vivo
797 2196 936 2274 forsitan
949 2197 1012 2272 ipse
1026 2193 1110 2251 milii.
1158 2202 1189 2249 et
1203 2189 1292 2264 Fusci

187 2283 309 2358 aurigae
332 2292 419 2339 vetus
437 2285 512 2339 item
527 2301 675 2340 marmor:
690 2282 841 2360 factionis
858 2292 978 2338 venetae
992 2281 1089 2337 Ilisso
1103 2277 1293 2336 sacravimus

186 2387 274 2424 aram
288 2365 325 2424 da
338 2377 451 2437 nostro,
470 2379 545 2424 certe
561 2369 689 2426 studiosi
703 2377 730 2424 et
742 2365 814 2424 bene
827 2377 974 2424 amantes.
1019 2367 1163 2438 Dsrrr'sr.

272 2467 313 2526 ib.
356 2471 478 2547 partes]
502 2467 560 2528 hcc
577 2481 621 2529 est
629 2472 797 2551 suctiones;
820 2471 900 2531 sic2
921 2470 995 2532 310.
1038 2469 1138 2526 Ὲοῦῦ·

272 2573 336 2634 328
352 2581 382 2628 et
396 2573 458 2635 329
483 2569 533 2646 [in
547 2593 595 2631 ms
607 2576 669 2634 320
682 2581 712 2628 et
724 2571 815 2650 3211.
859 2568 942 2628 hisce
955 2567 1071 2628 duobus
1086 2569 1223 2628 versibus
1237 2587 1293 2626 suo

186 2657 220 2715 iu
236 2655 321 2732 loco,
343 2653 424 2716 unde
443 2653 550 2716 dimoti
569 2659 704 2731 fuerant,
727 2658 871 2715 restitutis
891 2657 992 2714 omnia
1006 2655 1084 2712 bena
1101 2657 1294 2714 conveniunt.

188 2744 291 2823 itaque
307 2753 392 2802 notat
410 2743 558 2821 Corippus
577 2744 875 2820 metitutaspriruum
888 2741 981 2800 fuisse
995 2750 1135 2821 quattuor
1150 2741 1227 2800 Circi
1243 2739 1293 2795 fa-

187 2832 302 2888 ctiones
328 2827 367 2886 ad
390 2837 531 2908 quattuor
554 2831 625 2886 anui
648 2839 786 2905 tempora
810 2825 1012 2904 designanda,
1049 2825 1190 2906 deinceps
1211 2843 1295 2898 vero,

189 2916 260 2996 quia
274 2915 421 2976 albstaet
434 2911 539 2972 viridis
554 2913 644 2971 sectio
661 2915 693 2970 in
707 2933 801 2970 unam
810 2916 1002 2988 eoeluenmt,
1026 2915 1246 2972 coniunxerunt
1260 2929 1296 2968 se

189 3003 223 3058 in
237 3019 330 3058 unam
345 3011 374 3058 et
386 2999 463 3058 aliae
478 2997 572 3072 duae,
596 3009 626 3057 et
637 2995 708 3056 hinc
722 2996 798 3058 duae
812 2997 1002 3057 solummodo
1019 2999 1231 3077 superfuerunt
1244 2995 1296 3052 fa-

193 3088 323 3160 ctiones,
344 3104 421 3166 quae
438 3095 582 3142 aestatem
599 3103 668 3142 oum
681 3092 824 3143 autumno
838 3095 868 3142 et
882 3081 1016 3142 hiemem
1031 3104 1099 3142 erun
1112 3105 1181 3144 rere
1197 3083 1297 3159 sigui-

192 3170 336 3245 iicabaut,
358 3173 483 3230 Prasina
496 3173 640 3228 nimirum
652 3181 681 3228 et
694 3171 825 3244 Veneta,
848 3189 925 3249 quae
939 3169 1063 3250 reliquis
1076 3167 1191 3227 duabus
1205 3185 1298 3247 prae·

192 3259 351 3315 stultiores
362 3276 482 3334 semper
492 3256 622 3330 fuerant,
645 3257 716 3336 quia
730 3254 820 3314 modo
833 3254 988 3314 unimode
1003 3256 1090 3313 alteri
1102 3253 1212 3312 addicti
1227 3253 1300 3310 fue·

192 3352 263 3400 nuit
280 3345 493 3420 imperatores,
515 3353 549 3400 ut
566 3344 708 3402 Prasiuae
726 3343 880 3419 Caligula,
900 3345 994 3415 Nero,
1016 3343 1128 3414 Verus,
1151 3341 1300 3397 Commo-

194 3425 268 3502 dus,
291 3431 415 3502 Avitus,
437 3429 569 3487 Venetae
582 3429 737 3500 Vitellius,
760 3427 928 3500 Caracalla,
952 3427 1142 3486 lastinianus.
1173 3442 1230 3480 nec
1243 3441 1298 3479 re-

193 3521 282 3590 putes
304 3511 386 3593 quod
404 3514 538 3593 reliquae
561 3511 638 3572 duae
654 3515 776 3572 omnino
799 3515 948 3570 extinctae
970 3513 1098 3569 fuerim:
1120 3517 1301 3568 manserunt

189 3599 277 3656 euim
291 3602 382 3656 etiam
397 3599 478 3672 illue,
502 3597 556 3656 sed
577 3600 740 3672 obscurius,
763 3599 856 3655 veluti
870 3595 979 3656 harum
996 3596 1203 3676 pedissequae,
1218 3596 1300 3674 ·qui-

192 3681 319 3740 buscum
340 3684 614 3762 emungebantur,
635 3693 671 3741 ut
697 3684 798 3762 plures
822 3684 963 3739 evincunt
985 3685 1132 3762 sequioris
1153 3681 1300 3757 temporis

193 3771 396 3842 auctoritates,
423 3789 498 3848 quas
511 3768 580 3827 vide
595 3767 676 3848 apud
690 3766 846 3826 laudataun
860 3769 1066 3847 Bulengerum
1081 3766 1124 3825 de·
1134 3768 1218 3825 Circo
1233 3767 1301 3824 Bo-

193 3870 284 3910 mano
300 3863 330 3910 et
340 3853 421 3912 ludii
438 3856 626 3914 Circensibus
641 3875 667 3913 o.
684 3852 736 3918 49.
780 3855 880 3913 Foue-
1123 3903 1126 3944 ,

278 3957 351 4017 330.
395 3955 541 4036 circulus]
565 3959 616 4015 vel
630 3976 647 4014 a
660 3959 803 4027 circuitu,
826 3955 993 4038 cassiodor.
1007 3957 1193 4027 locontur»,
1216 3953 1265 4010 vel
1280 3972 1301 4012 a

198 4038 283 4098 Circe
299 4038 449 4115 venefica,
473 4061 550 4121 quas
566 4045 664 4122 prima
679 4046 823 4122 patrisne
838 4045 895 4102 soli
908 4041 1057 4100 ludicrum
1072 4039 1131 4099 hoc
1147 4049 1302 4098 certamen

194 4125 386 4203 excogitavit.
429 4125 535 4185 Isidor.
554 4130 592 4190 18
613 4131 666 4193 28.
701 4131 815 4187 Nonius
828 4131 891 4187 vult
904 4149 1026 4188 omnem
1039 4127 1186 4186 ambitum
1199 4135 1302 4204 etgy-

195 4229 263 4268 rum
290 4229 355 4268 esse
382 4211 508 4284 circum,
534 4211 663 4293 denique
686 4215 778 4273 Varro
801 4213 838 4274 de
855 4217 929 4294 ling.
945 4217 1012 4273 Lat.
1028 4212 1065 4289 4,
1089 4209 1170 4294 quod
1187 4213 1304 4268 circum

196 4297 374 4375 spectaculis
396 4294 623 4356 aedificaretur..
657 4299 762 4358 Claud.
780 4299 816 4358 de
833 4305 852 4364 6
872 4301 986 4360 consul.
1006 4301 1101 4356 Hom:
1136 4315 1305 4354 comissum

195 4381 345 4460 gradibus
368 4393 527 4440 veneratur
543 4405 686 4461 purpura
709 4385 830 4466 vulgus.
882 4389 946 4444 sive
967 4383 1049 4466 quod
1071 4386 1184 4441 circum
1204 4392 1303 4439 metas

199 4487 310 4607 ppmps
331 4469 473 4544 ferretur,
503 4465 561 4528 hoo
581 4481 626 4529 est
646 4473 794 4550 imagines
808 4470 957 4547 vdeormn,
984 4461 1031 4528 uti
1039 4469 1111 4528 alibi
1134 4477 1304 4526 ostensum.

228 4563 342 4613 rursu.

285 4642 358 4705 332.
397 4642 537 4721 gensinus
557 4645 667 4723 meras]
690 4663 750 4704 non
769 4655 890 4723 putens:
913 4661 986 4702 nam
1005 4639 1089 4702 unde
1107 4637 1307 4698 dimitteban-
