2806 5160
439 625 497 708 ua
521 639 728 711 crunnus
752 623 923 712 rusrnr
1154 639 1232 714 aas
1258 725 1265 734 „
1344 649 1348 660 ¹

132 807 297 868 Narcissus
315 807 439 868 libertate
462 807 588 868 Claudii
603 809 826 888 potmtiseimue
845 807 982 888 idemque
997 808 1162 870 ditissimus
1176 831 1229 870 ru»

131 895 258 953 nucleus.
304 896 376 955 Sen.
391 895 515 975 praefat.
530 895 693 958 iib.4uat.
708 905 840 974 quaestu
871 895 1008 952 Messala
1023 907 1051 952 et
1063 895 1228 956 Narcissus

127 982 185 1040 diu
191 979 314 1058 publici
325 981 431 1039 lrostea.
476 979 543 1038 dixi
557 999 598 1038 ex
610 981 713 1038 multis
727 979 793 1037 aliis
806 977 846 1036 ad
856 977 935 1038 illud
948 979 1104 1040 Claudiani
1117 985 1149 1040 iu
1161 985 1228 1041 Err-

129 1075 207 1146 troP·
227 1070 262 1127 1:
290 1067 354 1124 urm
370 1065 569 1145 Chrysogonis
583 1075 651 1136 ἰιια,
673 1065 782 1132 Brute,
799 1075 933 1142 potestur
946 1065 1158 1144 Narcissisque
1169 1068 1227 1126 du-

129 1161 190 1210 tur.
212 1151 353 1213 Denrsr.
395 1161 481 1230 notes
504 1153 597 1208 velim
617 1169 686 1208 cum
704 1151 798 1228 Pagio
820 1147 859 1206 ad
883 1169 910 1207 a.
925 1149 987 1213 567
1010 1160 1070 1208 tres
1087 1153 1226 1212 Narsates

128 1235 295 1314 imperante
317 1238 431 1297 Iustino
454 1236 638 1295 inclaruisse.
682 1233 720 1293 de
736 1234 851 1294 duobus
863 1235 998 1314 loquitur
1009 1237 1171 1314 Procopius
1187 1236 1226 1294 do

45 1385 47 1392 Α
129 1320 209 1380 bello
224 1319 350 1386 Goth-2
372 1325 421 1385 13.
463 1319 573 1381 horum
592 1323 706 1400 primus
726 1320 836 1400 spado,
866 1339 1018 1378 sacrorum
1032 1323 1225 1398 largitionum

129 1425 246 1481 cornea,
276 1425 345 1464 cum
365 1406 533 1486 praefectus
557 1407 661 1466 ltaliae
682 1415 776 1482 esset,
804 1401 936 1484 Sophiae
950 1407 1028 1483 Aug.
1043 1408 1134 1464 minis
1152 1427 1225 1486 per-

127 1494 247 1550 territus
263 1490 494 1571 Langobardos,
518 1493 597 1550 utin
611 1491 730 1549 ltaliam
742 1493 893 1566 venirent,
914 1491 1062 1549 inritavit.
1105 1489 1155 1549 hic
1167 1513 1224 1550 ne-

128 1595 187 1656 que
202 1577 300 1636 forum
315 1589 345 1635 et
362 1597 412 1635 ore
427 1578 554 1656 insignis
570 1585 649 1650 erat,
674 1576 875 1651 necinvenis,
898 1573 952 1634 sed
967 1595 1061 1634 senex
1075 1587 1141 1634 tum
1154 1597 1224 1637 cnm

127 1663 258 1721 lustinus
271 1665 432 1742 imperium
449 1664 587 1742 suscepit.
631 1661 707 1719 alter
720 1661 757 1718 ah
773 1663 923 1719 Armeniis
938 1663 1037 1719 Persis
1055 1659 1094 1719 ad
1109 1664 1223 1720 Roma·-

126 1767 200 1822 nos,
225 1757 301 1806 teste
327 1749 491 1828 Procopio,
514 1747 714 1826 transfugerat
736 1765 805 1804 cum
826 1749 929 1804 Aratio
948 1747 1056 1820 fratre,
1086 1757 1116 1804 et
1131 1749 1222 1826 periit

125 1831 207 1890 bello
227 1833 347 1892 Persico
370 1834 425 1891 sub
447 1831 555 1890 eodem
574 1836 705 1906 Iustino,
741 1841 775 1890 ut
794 1829 1058 1910 idem-Procopius
1078 1829 1116 1890 de
1140 1834 1220 1891 bello

124 1919 208 1978 Pers.
224 1921 243 1980 2
264 1919 305 1982 25
317 1927 451 1980 testatur.
493 1919 610 1976 invenis
626 1928 655 1976 et
665 1918 762 1975 forma
776 1917 946 1994 spectabilis
960 1919 1084 1992 Narses,
1107 1916 1220 1998 dequo

125 1999 184 2060 hic
196 2004 329 2082 loquitur
344 2005 506 2083 (iosippus,
537 2003 589 2060 ille
606 2013 651 2062 est
666 2000 703 2060 de
719 2021 778 2082 quo
795 1999 999 2081 Theophanes
1014 2000 1053 2060 ad
1067 2021 1095 2060 a.
1115 2007 1151 2066 16
1167 2007 1220 2061 Iat-

124 2091 196 2146 stini
216 2088 332 2147 scribit:
360 2087 417 2146 hoc
437 2109 519 2146 anuo
541 2087 656 2146 Nareee
678 2086 882 2144 cubicularius
900 2095 928 2143 et
944 2087 1219 2164 protospatharius,

124 2175 179 2252 qui
194 2173 310 2231 Iustino
323 2173 397 2232 adeo
411 2173 577 2254 carussur't
590 2184 624 2230 ut
636 2175 699 2230 eius
715 2174 819 2251 gralia
839 2171 977 2229 ludibriis
991 2184 1220 2252 respergamur,
1305 2247 1307 2250 Ι

122 2259 246 2316 domum
258 2258 397 2316 Narseus
407 2261 573 2317 summit
583 2268 612 2316 et
627 2255 825 2316 Cutlmrcrum
838 2259 1058 2316 neonusterium.
1100 2255 1150 2316 hio
1162 2259 1217 2318 sub

122 2345 267 2402 Mauricio
291 2347 391 2403 Persis
411 2353 494 2402 tanto
521 2345 626 2404 terrori
649 2343 707 2400 fuit
733 2353 768 2400 ut
786 2343 945 2401 Persarum
963 2343 1092 2402 infantes
1114 2342 1217 2404 audito

120 2421 252 2489 Narsetis
273 2432 395 2488 nomine
416 2439 588 2488 tremerent.
631 2427 701 2504 ride
713 2429 800 2508 plura
813 2425 894 2508 apud
906 2425 1170 2511 Theophylactum
1185 2431 1218 2489 in

119 2516 250 2574 Historia
261 2516 453 2573 Mauriciana.
496 2515 595 2574 Foco.

204 2602 278 2662 870.
321 2599 453 2676 Parius]
490 2600 613 2656 Parium
636 2594 771 2676 lapidem
798 2598 861 2658 sire
886 2616 1018 2658 marmor
1043 2617 1103 2656 nou
1126 2598 1216 2658 facile

119 2684 320 2758 persuaserim
342 2680 420 2738 mihi
440 2701 512 2738 auro
534 2679 649 2739 includi
675 2683 814 2756 solitum,
843 2684 904 2740 nisi
927 2683 1004 2741 forte
1025 2683 1216 2740 columnare

119 2784 268 2824 manners
282 2766 447 2824 bracteatas
461 2767 681 2844 intelligamus,
711 2764 878 2845 quadratis
892 2767 1058 2840 familiare,
1087 2765 1141 2824 sed
1154 2787 1216 2828 nou

120 2852 259 2909 convenit
275 2848 346 2908 huic
361 2851 443 2909 loco:
465 2869 537 2908 nam
558 2851 702 2908 annulum
715 2852 826 2928 insigni
839 2871 959 2929 gemma
975 2863 1113 2910 umatum
1127 2849 1216 2909 vide-

118 2943 168 2993 tur
188 2934 364 2994 describere.
408 2937 511 2992 censui
529 2937 620 3014 igitur
639 2936 861 2995 rescribendum
879 2936 1013 2994 Plumiu
1028 2935 1122 3012 lapis,
1143 2939 1215 3016 quia

118 3020 150 3080 in
171 3023 310 3099 Aegypto
334 3017 485 3096 ernamgdi
504 3030 682 3094 nascamtur,
704 3021 800 3079 Solia.
821 3023 876 3092 19,
897 3021 976 3078 Plin.
996 3025 1036 3084 87
1058 3021 1078 3083 5
1100 3029 1129 3076 et
1150 3021 1213 3095 alii,

118 3116 149 3163 et
164 3105 259 3184 opali,
282 3102 416 3163 eiusdem
431 3101 500 3182 libri
516 3124 541 3162 c.
557 3109 594 3179 6,
615 3105 686 3163 licet
703 3107 795 3162 sciam
813 3103 961 3164 isidorum
975 3100 1017 3168 '16
1039 3109 1078 3168 12
1100 3102 1214 3165 dixisse

116 3189 149 3248 iu
170 3190 234 3248 sola
252 3188 338 3248 India
356 3190 479 3268 opalum
493 3191 586 3249 nasci.
628 3189 755 3248 Pharius
769 3191 846 3269 lapis
861 3192 954 3270 igitur
967 3193 1022 3248 erit
1035 3188 1212 3268 smaragdus

116 3285 169 3332 aut
194 3268 299 3354 opalus
323 3275 410 3353 palae
432 3275 579 3348 inclusust
602 3285 654 3332 aut
674 3285 752 3332 certe
772 3277 978 3356 Aegyptiiiam
993 3293 1146 3353 gemmam
1161 3278 1212 3334 ui-

116 3379 218 3439 gram,
254 3379 345 3441 quam
365 3361 428 3419 sola
448 3362 603 3439 Aegyptus
622 3362 765 3439 parturit,
796 3359 1211 3437 Isid.1611,-inteliigere
1333 3435 1335 3438 Ι

114 3465 284 3524 possumus.
315 3448 438 3524 ruptas
463 3448 513 3509 16.
555 3447 630 3502 [aeri
649 3443 723 3503 haec
741 3447 855 3504 calamo
870 3446 1003 3504 absoluta
1019 3447 1106 3503 citius
1118 3464 1211 3524 quam

114 3525 270 3606 inchoata,
292 3531 465 3611 inquibus,
487 3537 521 3588 ut
533 3526 662 3589 hirundo
676 3531 802 3610 Byziam
823 3532 922 3610 (Plin.
940 3535 979 3595 10
1000 3527 1061 3610 24)
1083 3533 1211 3591 otiosam

113 3616 274 3674 verborum
290 3635 433 3696 pompam
451 3591 610 3674 declinavi.
654 3616 691 3673 ob
704 3615 736 3673 id
749 3617 849 3676 nullus
867 3614 944 3674 mihi
956 3626 1054 3674 metus
1069 3635 1108 3672 ue
1121 3619 1211 3674 Auti-

113 3698 235 3780 phontis
258 3700 349 3777 (Seu.
365 3700 525 3765 2declam.
541 3699 578 3780 1)
601 3711 652 3758 aut
665 3701 787 3759 Seriani
809 3701 901 3782 (Seu.
917 3701 936 3765 5
950 3712 1082 3760 controv.
1098 3699 1134 3780 1)
1157 3711 1209 3762 ant

113 3784 237 3865 Didymi
259 3785 403 3865 (Quintil.
418 3790 433 3848 1
457 3789 499 3859 8)
520 3783 578 3844 hoc
597 3784 743 3845 habeatur
761 3807 854 3866 opus,
875 3787 934 3845 uisi
949 3787 1025 3844 iorte
1040 3805 1058 3843 a
1072 3787 1208 3845 Procello

114 3869 207 3951 (Seu.
229 3870 350 3930 Suasor.
370 3867 428 3949 2),
457 3873 505 3928 oui
525 3891 584 3950 ego
607 3871 751 3930 suadeam
775 3873 941 3930 cucurbitas
964 3872 1087 3952 pingere
1107 3874 1207 3950 potius

113 3975 205 4036 quam
220 3975 288 4014 cum
303 3954 396 4015 doctis
411 3956 557 4014 altercari.
600 3967 678 4016 certe
699 3957 803 4016 nullus
816 3959 1037 4034 cortr‘m'poteue,
1057 3958 1098 4013 ait
1114 3958 1205 4014 Luci-

111 4042 181 4114 lius,
205 4063 274 4098 cum
287 4041 441 4100 dominum
454 4043 622 4119 couuger'r't,
642 4041 719 4100 mc'lu
730 4042 861 4101 armillae
875 4042 1102 4122 dccligruulu'tttr.¹
1130 4042 1205 4100 alios
1301 4075 1304 4080 ·

112 4124 191 4184 nihil
211 4145 328 4199 moror,
354 4146 411 4185 nec
430 4128 506 4184 tanti
528 4124 603 4184 haec
622 4127 719 4186 fateor
737 4139 772 4188 ut
791 4126 917 4186 debeam
935 4130 1030 4186 vereri
1047 4124 1203 4184 insidiam.

111 4213 254 4271 Drurer.
294 4213 453 4290 Virgilium
469 4213 604 4269 imitatur
618 4215 694 4270 Aen.
714 4217 728 4275 1
750 4214 824 4279 596.
867 4215 970 4294 quoin
983 4213 1049 4271 loco
1063 4212 1205 4289 Virgilius

112 4297 187 4356 ebur
200 4307 357 4376 argentum
369 4297 550 4376 Pariumque
564 4296 697 4376 lapidem
709 4297 840 4372 inducit,
863 4298 972 4378 quibus
984 4300 1094 4354 circum
1109 4293 1205 4353 adda-

110 4391 160 4440 tur
182 4401 303 4458 summ,
326 4391 360 4440 ut
377 4385 526 4461 exprimat
544 4382 694 4442 Venerem
711 4395 839 4443 uratrem
858 4386 979 4442 Aeneae
995 4381 1075 4454 tilio,
1097 4391 1203 4439 natura

108 4487 163 4528 sua
179 4465 321 4547 pulchro,
340 4487 452 4526 noram
466 4464 719 4546 pulchritudinem
734 4468 903 4544 addidisse,
922 4477 956 4526 ut
967 4468 1079 4544 gratior
1090 4465 1202 4524 Didoni

107 4563 274 4635 appareret.
324 4563 355 4614 at
376 4555 522 4634 corippus
543 4551 681 4613 achatem
701 4573 757 4634 pro
780 4566 904 4636 argento
924 4550 1055 4628 inducit,
1083 4561 1114 4608 et
1132 4549 1202 4610 hinc
1235 4609 1240 4642 ,Ι
