2768 5146
117 710 307 806 ¹„
568 687 791 758 NIEBIJHRII

119 855 268 918 invenerit
278 852 319 914 ad
329 857 534 936 iutegritatem
547 859 692 934 restituat,
707 855 909 938 descriptore,
923 862 1007 920 cuius
1020 863 1101 922 salus
1113 863 1239 924 tuenda.
1349 877 1354 898 ⁸

121 958 266 1020 divinitus
278 960 339 1044 ipsi
352 951 507 1041 obtigerit,
527 961 604 1019 bene
617 965 727 1022 mereri
742 981 866 1022 censeo:
885 961 945 1023 hoc
954 966 1046 1024 etiam
1060 963 1154 1041 addo,
1175 985 1226 1028 me

121 1064 258 1123 arbitrari
280 1045 346 1122 esse
360 1061 534 1124 admodum
554 1083 651 1144 pauca
674 1066 707 1122 in
726 1061 931 1145 hoc-genere,
956 1087 1032 1148 quae
1047 1070 1161 1146 ingenii
1178 1072 1224 1130 vis

120 1186 191 1226 mum
205 1165 339 1225 doctrina
353 1177 384 1226 et
397 1186 495 1247 gnava
511 1166 658 1228 industris
672 1171 830 1228 coniuncta
845 1172 964 1251 assequi
979 1181 1119 1253 nequeat.
1162 1173 1225 1230 iarn

120 1287 192 1329 vero
205 1268 264 1329 hoc
277 1271 319 1354 ita
335 1267 401 1327 dico
416 1279 450 1328 ut
462 1289 511 1328 me
525 1271 628 1349 ipsum
646 1270 863 1347 condemnem,
888 1271 1001 1353 quippe
1016 1277 1068 1355 qui
1085 1291 1224 1354 praeser-

118 1375 175 1432 tim
186 1374 362 1453 panegyrici
372 1373 590 1452 praefationem
603 1383 649 1432 tot
661 1375 834 1433 vulneribus
851 1375 1021 1434 confossum
1036 1377 1223 1458 reliquerim:

117 1477 151 1535 in
168 1497 203 1536 eo
219 1487 338 1535 tantum
353 1474 468 1556 aliquid
483 1472 582 1534 laudis
602 1475 680 1535 mihi
700 1477 798 1536 tribuo
813 1475 896 1559 quod
911 1477 990 1536 nihil
1004 1483 1092 1558 posui
1110 1479 1146 1537 de
1165 1499 1224 1561 quc

117 1579 218 1662 aliquo
233 1577 324 1639 modo
338 1576 509 1636 addubitari
520 1597 609 1658 posse
624 1576 787 1639 videremr.
829 1582 947 1640 utinam
960 1584 1107 1641 acutiores
1122 1581 1225 1640 erudi·

117 1684 267 1764 tionesque
286 1685 319 1740 iu
339 1687 430 1760 poete
452 1699 514 1739 non
534 1680 615 1738 malo
635 1679 771 1740 sanando
788 1687 883 1742 artem
899 1679 1116 1769 ingeniumque
1135 1705 1225 1746 exer-

115 1805 186 1844 uere
202 1804 265 1844 non
281 1781 498 1864 dedignentur!

200 1887 306 1945 Restat
316 1897 351 1946 ut
362 1885 466 1967 paucis
481 1883 520 1945 de
535 1882 638 1946 codice
652 1883 751 1944 dicum
764 1884 804 1945 ad
817 1893 909 1970 quem
924 1887 1144 1949 conficiendum
1156 1891 1223 1950 bie-

115 1985 260 2048 rcbaudis
273 1983 417 2074 reliquiie
433 1987 584 2049 adhibitae
598 1989 732 2048 nerunt.
756 1995 758 2008 ¹
774 1992 801 2049 is
815 2009 941 2050 numero
957 1993 1019 2056 908
1032 1991 1223 2073 designatur3

115 2095 236 2152 saeculo
258 2112 338 2152 nono
363 2095 490 2172 scriptus
506 2093 733 2158 vocabularium
746 2095 897 2169 continet,
922 2092 1072 2152 ineditum
1088 2091 1223 2176 quidem,

114 2194 172 2256 sed
190 2197 311 2254 minimi
329 2198 437 2275 pretii3
460 2197 532 2254 sutis
554 2197 684 2274 spissus,
701 2206 820 2274 praeter
843 2215 939 2275 pauca
962 2196 1052 2270 folia,
1075 2205 1155 2254 totus
1172 2215 1223 2254 re-

116 2301 244 2380 scriptus
265 2309 328 2374 est,
350 2297 494 2358 adhibitis
510 2297 782 2357 diversissimorum
793 2297 940 2356 librorum
955 2297 1100 2377 partibus.¹
1143 2300 1224 2354 inter

116 2399 190 2479 has,
212 2421 282 2462 oum
296 2403 333 2461 iis
348 2398 491 2484 quaehie
508 2397 583 2474 edo,
605 2400 694 2458 facile
716 2403 850 2458 eminent
864 2401 939 2458 folia
954 2419 1031 2482 quae
1048 2400 1222 2480 antiquissi-

37 2509 103 2566 xm
118 2484 188 2565 mae
210 2505 349 2584 limrgtee
372 2513 473 2584 partes
493 2500 655 2578 exhibent3
687 2501 726 2561 de
749 2523 876 2585 quarum
897 2501 1046 2576 editione,
1074 2510 1222 2584 quatenus

115 2611 179 2690 legi
193 2620 349 2691 poterunt,
371 2606 488 2666 exorari
503 2625 536 2664 se
552 2625 712 2685 passurum
733 2625 799 2664 esre
813 2608 943 2664 Arxium
959 2603 1087 2664 confido.
1130 2623 1221 2663 nemo

116 2723 233 2789 autem,
254 2709 359 2786 eredo,
381 2705 582 2788 reprehendet
596 2706 678 2790 quod
690 2727 786 2787 nugas
798 2711 963 2789 spreverim
978 2728 1055 2790 qnae
1068 2727 1129 2766 non
1141 2725 1220 2786 pau-

114 2835 166 2876 cas
198 2817 325 2895 paginas
352 2812 498 2892 implent,
530 2808 568 2870 de
596 2809 780 2870 divinatione
802 2795 1006 2884 ex'somniie,
1034 2821 1068 2870 ut
1090 2807 1219 2869 videtur.

112 2919 253 3001 quattuor
273 2918 347 2976 folia
368 2935 437 2975 eum
458 2907 586 2973 ductum
608 2916 771 2994 segmentis
792 2933 833 2972 ex
852 2912 954 2972 codice
969 2916 1162 2992 Digestorum
1181 2910 1219 2971 de

110 3019 361 3094 mulomedicina,
385 3037 463 3101 quae
477 3017 533 3076 sub
547 3021 666 3098 vegetii
679 3011 803 3078 ¹nomine
822 3019 1088 3091 circumferamur,
1111 3017 1219 3094 primi-

110 3145 170 3208 que
186 3143 291 3184 eorum
303 3123 388 3196 libri,
409 3131 581 3200 supersunt.
623 3123 650 3180 is
667 3119 781 3196 codex,
803 3119 923 3178 suecrrlo
940 3123 960 3182 7
976 3131 1028 3177 aut
1043 3121 1063 3181 8
1079 3121 1217 3198 scriptus,

108 3231 173 3308 lpse
189 3229 332 3306 rescripte
346 3227 420 3285 lolia
434 3225 706 3306 complectebature
726 3243 823 3282 unum
836 3233 914 3281 certe
928 3222 1129 3280 tabellionum
1142 3224 1218 3280 seri-

107 3341 229 3410 pturam
249 3331 305 3390 sub
325 3331 498 3410 Vegetianis
520 3329 689 3388 elucentem
712 3328 791 3386 clare
812 3325 929 3406 prodit,
953 3345 1012 3408 quo
1032 3324 1105 3407 quid
1121 3327 1218 3384 conti·-

107 3445 217 3492 neatur
238 3431 468 3513 expedirencn
489 3435 586 3512 potui.
638 3427 714 3489 haee
737 3433 839 3490 autem
858 3430 1028 3509 fragmenta
1051 3449 1121 3488 cum
1142 3431 1217 3488 (ior—

108 3537 206 3596 biensi
229 3536 437 3617 antiquissimo
461 3532 579 3610 codice,
603 3544 750 3615 quatenus
765 3535 791 3592 is
806 3544 929 3613 propter
944 3533 1069 3592 lucunas
1088 3533 1216 3592 conferri

107 3648 222 3719 potest,
247 3639 311 3697 sere
335 3657 431 3719 usque
453 3634 494 3694 ad
514 3638 643 3694 minima
658 3637 856 3711 conveniunt,
880 3638 940 3695 uisi
957 3635 1039 3719 quod
1052 3657 1150 3696 sermo
1165 3657 1216 3696 se-

105 3743 293 3801 mibarbarus
314 3741 452 3821 plurimis
474 3738 549 3798 locis
572 3750 674 3819 aperte
697 3749 799 3820 putet3
830 3738 999 3799 cuiusmodi
1019 3741 1215 3798 variantesis
1317 3804 1324 3816 ,

107 3848 161 3928 qui
176 3846 369 3906 (lorbiensem
382 3845 508 3902 contulit
519 3845 645 3902 fortasse
662 3863 732 3902 cum
744 3825 814 3904 aliis
824 3847 992 3904 manifestis
1004 3841 1124 3901 mendis
1140 3821 1215 3900 enoss

105 3960 170 4007 tare
185 3949 308 4028 sprevit.
352 3949 467 4031 reliqua
487 3945 526 4004 ud
546 3949 687 4026 epistolas
701 3949 864 4024 Pauliuas,
887 3950 1117 4034 versionemque
1132 3949 1215 4004 lere-

105 4053 185 4112 miae
205 4048 369 4131 prophetae
390 4071 407 4109 a
424 4051 546 4130 vulgata
559 4051 651 4130 longe
666 4049 833 4129 diversam,
857 4061 887 4110 et
902 4055 999 4110 sancti
1014 4053 1141 4110 alicuius
1157 4067 1240 4130 pu,

104 4156 159 4214 tris
175 4154 287 4212 librum
301 4153 379 4212 mihi
394 4156 533 4234 ignotum
548 4157 711 4235 pertinenti

189 4259 341 4317 Festinata
360 4261 459 4337 priore
475 4255 567 4318 huius
580 4259 676 4317 libelli
692 4255 842 4332 editione,
864 4257 1000 4336 pluribus
1014 4258 1089 4316 locis
1101 4257 1134 4314 in
1148 4252 1213 4312 dis-

104 4359 299 4420 criminandis
318 4361 427 4419 litteris
449 4381 526 4442 quae
540 4364 574 4420 in
588 4363 772 4420 membranis
788 4372 965 4440 supersunt,
987 4379 1121 4444 quosque
1138 4379 1213 4438 sap-

104 4464 202 4543 plevi,
227 4474 360 4523 erratum
371 4463 445 4522 fuit:
469 4461 501 4523 id
516 4474 619 4524 temen
634 4467 713 4525 circa
727 4485 774 4524 res
790 4463 866 4523 adeo
882 4475 988 4525 tenues
1002 4472 1154 4536 versatur,
1179 4472 1213 4519 ut

103 4563 142 4624 de
154 4565 292 4625 iteranda
307 4565 439 4626 editione
454 4585 516 4628 uon
532 4570 729 4647 cogitassem,
752 4571 811 4628 nisi
829 4571 918 4627 amici
935 4567 1121 4626 coniecturas
1136 4562 1214 4622 mihi

101 4669 297 4748 obtulissent,
322 4679 412 4753 atque
431 4673 498 4751 ipse
522 4691 627 4736 earum
649 4671 860 4734 difficultatum
879 4673 1060 4732 solutionem
1076 4669 1213 4727 iuvenis-
