<?xml version="1.0" encoding="UTF-8"?>
<!DOCTYPE html PUBLIC "-//W3C//DTD XHTML 1.0 Transitional//EN"
    "http://www.w3.org/TR/xhtml1/DTD/xhtml1-transitional.dtd">
<html xmlns="http://www.w3.org/1999/xhtml" xml:lang="en" lang="en">
 <head>
  <title>
</title>
<meta http-equiv="Content-Type" content="text/html;charset=utf-8" />
  <meta name='ocr-system' content='tesseract 3.04.00' />
  <meta name='ocr-capabilities' content='ocr_page ocr_carea ocr_par ocr_line ocrx_word'/>
</head>
<body>
  <div class='ocr_page' id='page_1' title='image "./merobaudesetcor00bekkgoog/merobaudesetcor00bekkgoog_0266.png"; bbox 0 0 2814 5160; ppageno 0'>
   <div class='ocr_carea' id='block_1_1' title="bbox 68 4075 72 4222">
    <p class='ocr_par' dir='ltr' id='par_1_1' title="bbox 68 4075 72 4222">
     <span class='ocr_line' id='line_1_1' title="bbox 68 4075 70 4096; baseline 0 0"><span class='ocrx_word' id='word_1_1' title='bbox 68 4075 70 4096; x_wconf 98' lang='grc' dir='ltr'>Ι</span> 
     </span>
     <span class='ocr_line' id='line_1_2' title="bbox 69 4180 72 4200; baseline 0 0"><span class='ocrx_word' id='word_1_2' title='bbox 69 4180 72 4200; x_wconf 84' lang='lat' dir='ltr'>i</span> 
     </span>
     <span class='ocr_line' id='line_1_3' title="bbox 69 4211 72 4222; baseline 0 0"><span class='ocrx_word' id='word_1_3' title='bbox 69 4211 72 4222; x_wconf 83' lang='grc' dir='ltr'>ι</span> 
     </span>
    </p>
   </div>
   <div class='ocr_carea' id='block_1_2' title="bbox 537 109 1090 184">
    <p class='ocr_par' dir='ltr' id='par_1_2' title="bbox 537 71 1090 184">
     <span class='ocr_line' id='line_1_4' title="bbox 537 109 1090 184; baseline 0.007 -4"><span class='ocrx_word' id='word_1_4' title='bbox 537 109 698 180; x_wconf 77' lang='lat' dir='ltr'>tuernu</span> <span class='ocrx_word' id='word_1_5' title='bbox 720 111 903 182; x_wconf 74' lang='lat' dir='ltr'>innotus</span> <span class='ocrx_word' id='word_1_6' title='bbox 928 111 1008 182; x_wconf 77' lang='lat' dir='ltr'>ern.</span> <span class='ocrx_word' id='word_1_7' title='bbox 1032 115 1090 184; x_wconf 84' lang='lat'>111.</span> 
     </span>
    </p>
   </div>
   <div class='ocr_carea' id='block_1_3' title="bbox 256 275 1203 1383">
    <p class='ocr_par' dir='ltr' id='par_1_3' title="bbox 256 275 1203 1383">
     <span class='ocr_line' id='line_1_5' title="bbox 322 275 1155 368; baseline 0.012 -32"><span class='ocrx_word' id='word_1_8' title='bbox 322 291 327 306; x_wconf 90' lang='grc'><strong><em>·</em></strong></span> <span class='ocrx_word' id='word_1_9' title='bbox 344 275 543 353; x_wconf 72' lang='lat' dir='ltr'>indidimus,</span> <span class='ocrx_word' id='word_1_10' title='bbox 565 295 659 338; x_wconf 80' lang='lat' dir='ltr'>erens</span> <span class='ocrx_word' id='word_1_11' title='bbox 671 279 864 359; x_wconf 78' lang='lat' dir='ltr'>qmrto&#39;ooin</span> <span class='ocrx_word' id='word_1_12' title='bbox 879 283 1000 341; x_wconf 86' lang='lat' dir='ltr'>eonsuie</span> <span class='ocrx_word' id='word_1_13' title='bbox 1015 286 1155 368; x_wconf 79' lang='lat' dir='ltr'>prineeps</span> 
     </span>
     <span class='ocr_line' id='line_1_6' title="bbox 256 377 1019 466; baseline 0.009 -29"><span class='ocrx_word' id='word_1_14' title='bbox 256 378 323 444; x_wconf 81' lang='lat'>125</span> <span class='ocrx_word' id='word_1_15' title='bbox 345 381 405 438; x_wconf 83' lang='lat' dir='ltr'>eltn</span> <span class='ocrx_word' id='word_1_16' title='bbox 420 377 596 466; x_wconf 73' lang='lat' dir='ltr'>triumphali</span> <span class='ocrx_word' id='word_1_17' title='bbox 608 389 719 438; x_wconf 85' lang='lat' dir='ltr'>tereret</span> <span class='ocrx_word' id='word_1_18' title='bbox 734 383 882 460; x_wconf 78' lang='lat' dir='ltr'>Gepitoiie</span> <span class='ocrx_word' id='word_1_19' title='bbox 896 401 1019 464; x_wconf 89' lang='lat' dir='ltr'>pompe.</span> 
     </span>
     <span class='ocr_line' id='line_1_7' title="bbox 345 481 1049 562; baseline 0.009 -22"><span class='ocrx_word' id='word_1_20' title='bbox 345 483 437 540; x_wconf 75' lang='lat' dir='ltr'>saeris</span> <span class='ocrx_word' id='word_1_21' title='bbox 452 481 638 562; x_wconf 79' lang='lat' dir='ltr'>principibus</span> <span class='ocrx_word' id='word_1_22' title='bbox 649 481 799 542; x_wconf 78' lang='lat' dir='ltr'>ineundae</span> <span class='ocrx_word' id='word_1_23' title='bbox 808 483 914 543; x_wconf 56' lang='lat' dir='ltr'>‘subula</span> <span class='ocrx_word' id='word_1_24' title='bbox 925 503 1049 546; x_wconf 81' lang='lat' dir='ltr'>mensae</span> 
     </span>
     <span class='ocr_line' id='line_1_8' title="bbox 346 581 1085 663; baseline 0.012 -22"><span class='ocrx_word' id='word_1_25' title='bbox 346 581 385 642; x_wconf 87' lang='lat' dir='ltr'>de</span> <span class='ocrx_word' id='word_1_26' title='bbox 400 583 470 642; x_wconf 82' lang='lat' dir='ltr'>divo</span> <span class='ocrx_word' id='word_1_27' title='bbox 483 586 618 663; x_wconf 87' lang='lat' dir='ltr'>genitore</span> <span class='ocrx_word' id='word_1_28' title='bbox 631 583 707 642; x_wconf 79' lang='lat' dir='ltr'>teir:</span> <span class='ocrx_word' id='word_1_29' title='bbox 727 595 794 644; x_wconf 90' lang='lat' dir='ltr'>tum</span> <span class='ocrx_word' id='word_1_30' title='bbox 808 605 921 644; x_wconf 87' lang='lat' dir='ltr'>nemen</span> <span class='ocrx_word' id='word_1_31' title='bbox 934 585 1085 650; x_wconf 85' lang='lat' dir='ltr'>honorum</span> 
     </span>
     <span class='ocr_line' id='line_1_9' title="bbox 344 684 1084 767; baseline 0.009 -23"><span class='ocrx_word' id='word_1_32' title='bbox 344 686 424 745; x_wconf 90' lang='lat' dir='ltr'>inter</span> <span class='ocrx_word' id='word_1_33' title='bbox 437 685 560 746; x_wconf 77' lang='lat' dir='ltr'><strong>delicias</strong></span> <span class='ocrx_word' id='word_1_34' title='bbox 574 697 604 744; x_wconf 88' lang='lat' dir='ltr'>et</span> <span class='ocrx_word' id='word_1_35' title='bbox 617 684 716 744; x_wconf 79' lang='lat' dir='ltr'>duleis</span> <span class='ocrx_word' id='word_1_36' title='bbox 729 687 837 767; x_wconf 77' lang='lat' dir='ltr'>poeula</span> <span class='ocrx_word' id='word_1_37' title='bbox 852 689 979 750; x_wconf 85' lang='lat' dir='ltr'>summis</span> <span class='ocrx_word' id='word_1_38' title='bbox 1080 697 1084 708; x_wconf 88' lang='grc'><strong>“</strong></span> 
     </span>
     <span class='ocr_line' id='line_1_10' title="bbox 344 787 1135 874; baseline 0.008 -26"><span class='ocrx_word' id='word_1_39' title='bbox 344 787 485 848; x_wconf 87' lang='lat' dir='ltr'>leudibus</span> <span class='ocrx_word' id='word_1_40' title='bbox 501 788 657 862; x_wconf 72' lang='lat' dir='ltr'>attollunt,</span> <span class='ocrx_word' id='word_1_41' title='bbox 679 791 843 870; x_wconf 79' lang='lat' dir='ltr'>virumque</span> <span class='ocrx_word' id='word_1_42' title='bbox 858 809 914 869; x_wconf 87' lang='lat' dir='ltr'>per</span> <span class='ocrx_word' id='word_1_43' title='bbox 928 811 980 851; x_wconf 86' lang='lat' dir='ltr'>ere</span> <span class='ocrx_word' id='word_1_44' title='bbox 992 793 1135 874; x_wconf 78' lang='lat' dir='ltr'>fetentur,</span> 
     </span>
     <span class='ocr_line' id='line_1_11' title="bbox 258 890 1044 970; baseline 0.003 -19"><span class='ocrx_word' id='word_1_45' title='bbox 258 891 325 956; x_wconf 76' lang='lat'>130</span> <span class='ocrx_word' id='word_1_46' title='bbox 345 895 389 952; x_wconf 85' lang='lat' dir='ltr'>sio</span> <span class='ocrx_word' id='word_1_47' title='bbox 404 890 592 950; x_wconf 71' lang='lat' dir='ltr'>decessorem</span> <span class='ocrx_word' id='word_1_48' title='bbox 606 900 786 968; x_wconf 72' lang='lat' dir='ltr'><strong>regnantum</strong></span> <span class='ocrx_word' id='word_1_49' title='bbox 802 893 905 952; x_wconf 88' lang='lat' dir='ltr'>nuilus</span> <span class='ocrx_word' id='word_1_50' title='bbox 922 895 1044 970; x_wconf 79' lang='lat' dir='ltr'>emerit,</span> 
     </span>
     <span class='ocr_line' id='line_1_12' title="bbox 345 995 1175 1076; baseline 0.013 -24"><span class='ocrx_word' id='word_1_51' title='bbox 345 1012 519 1076; x_wconf 77' lang='lat' dir='ltr'>quenquam</span> <span class='ocrx_word' id='word_1_52' title='bbox 532 1003 649 1072; x_wconf 69' lang='lat' dir='ltr'>seeptro</span> <span class='ocrx_word' id='word_1_53' title='bbox 660 995 755 1071; x_wconf 79' lang='lat' dir='ltr'>petris</span> <span class='ocrx_word' id='word_1_54' title='bbox 771 1005 861 1054; x_wconf 83' lang='lat' dir='ltr'>nutus</span> <span class='ocrx_word' id='word_1_55' title='bbox 875 1014 1028 1056; x_wconf 77' lang='lat' dir='ltr'>suceessor</span> <span class='ocrx_word' id='word_1_56' title='bbox 1041 995 1175 1064; x_wconf 85' lang='lat' dir='ltr'>heberet.</span> 
     </span>
     <span class='ocr_line' id='line_1_13' title="bbox 346 1092 1075 1175; baseline 0.004 -19"><span class='ocrx_word' id='word_1_57' title='bbox 346 1107 416 1156; x_wconf 81' lang='lat' dir='ltr'>ente</span> <span class='ocrx_word' id='word_1_58' title='bbox 432 1097 533 1156; x_wconf 81' lang='lat' dir='ltr'>oeulos</span> <span class='ocrx_word' id='word_1_59' title='bbox 546 1097 642 1175; x_wconf 81' lang='lat' dir='ltr'>geniti</span> <span class='ocrx_word' id='word_1_60' title='bbox 654 1097 773 1174; x_wconf 82' lang='lat' dir='ltr'>genitor</span> <span class='ocrx_word' id='word_1_61' title='bbox 785 1092 976 1156; x_wconf 74' lang='lat' dir='ltr'>dulcissimus</span> <span class='ocrx_word' id='word_1_62' title='bbox 992 1105 1075 1159; x_wconf 87' lang='lat' dir='ltr'>omni</span> 
     </span>
     <span class='ocr_line' id='line_1_14' title="bbox 345 1187 1203 1279; baseline 0.014 -22"><span class='ocrx_word' id='word_1_63' title='bbox 345 1187 481 1278; x_wconf 84' lang='lat' dir='ltr'>ternpore</span> <span class='ocrx_word' id='word_1_64' title='bbox 494 1217 613 1278; x_wconf 84' lang='lat' dir='ltr'>semper</span> <span class='ocrx_word' id='word_1_65' title='bbox 626 1199 696 1272; x_wconf 91' lang='lat' dir='ltr'>erit,</span> <span class='ocrx_word' id='word_1_66' title='bbox 717 1215 897 1279; x_wconf 70' lang='lat' dir='ltr'>semperque</span> <span class='ocrx_word' id='word_1_67' title='bbox 910 1200 942 1257; x_wconf 89' lang='lat' dir='ltr'>in</span> <span class='ocrx_word' id='word_1_68' title='bbox 957 1201 1045 1262; x_wconf 86' lang='lat' dir='ltr'>eorde</span> <span class='ocrx_word' id='word_1_69' title='bbox 1059 1209 1203 1269; x_wconf 78' lang='lat' dir='ltr'>manebit.</span> 
     </span>
     <span class='ocr_line' id='line_1_15' title="bbox 388 1299 1150 1383; baseline 0.005 -21"><span class='ocrx_word' id='word_1_70' title='bbox 388 1303 554 1383; x_wconf 76' lang='lat' dir='ltr'>Postquam</span> <span class='ocrx_word' id='word_1_71' title='bbox 569 1299 688 1359; x_wconf 76' lang='lat' dir='ltr'>divium</span> <span class='ocrx_word' id='word_1_72' title='bbox 703 1319 858 1379; x_wconf 85' lang='lat' dir='ltr'>sumpsere</span> <span class='ocrx_word' id='word_1_73' title='bbox 871 1303 1033 1362; x_wconf 84' lang='lat' dir='ltr'>noviesirne</span> <span class='ocrx_word' id='word_1_74' title='bbox 1047 1325 1150 1366; x_wconf 83' lang='lat' dir='ltr'>oerree·</span> 
     </span>
    </p>
   </div>
   <div class='ocr_carea' id='block_1_4' title="bbox 251 1401 1110 1485">
    <p class='ocr_par' dir='ltr' id='par_1_4' title="bbox 251 1401 1110 1485">
     <span class='ocr_line' id='line_1_16' title="bbox 251 1401 1110 1485; baseline 0.008 -25"><span class='ocrx_word' id='word_1_75' title='bbox 251 1405 324 1472; x_wconf 79' lang='grc'>,135</span> <span class='ocrx_word' id='word_1_76' title='bbox 344 1406 469 1485; x_wconf 80' lang='lat' dir='ltr'>ponde,</span> <span class='ocrx_word' id='word_1_77' title='bbox 492 1415 522 1463; x_wconf 86' lang='lat' dir='ltr'>et</span> <span class='ocrx_word' id='word_1_78' title='bbox 540 1403 678 1462; x_wconf 82' lang='lat' dir='ltr'>exeelsee</span> <span class='ocrx_word' id='word_1_79' title='bbox 693 1403 841 1461; x_wconf 82' lang='lat' dir='ltr'>siluerrmt</span> <span class='ocrx_word' id='word_1_80' title='bbox 855 1401 965 1482; x_wconf 85' lang='lat' dir='ltr'>gnudie</span> <span class='ocrx_word' id='word_1_81' title='bbox 977 1423 1110 1485; x_wconf 81' lang='lat' dir='ltr'>mensae,</span> 
     </span>
    </p>
   </div>
   <div class='ocr_carea' id='block_1_5' title="bbox 258 1503 1207 2614">
    <p class='ocr_par' dir='ltr' id='par_1_5' title="bbox 258 1503 1207 2614">
     <span class='ocr_line' id='line_1_17' title="bbox 346 1503 1128 1588; baseline 0 -20"><span class='ocrx_word' id='word_1_82' title='bbox 346 1510 512 1569; x_wconf 75' lang='lat' dir='ltr'>eonndemt</span> <span class='ocrx_word' id='word_1_83' title='bbox 526 1525 604 1588; x_wconf 81' lang='lat' dir='ltr'>qnae</span> <span class='ocrx_word' id='word_1_84' title='bbox 618 1506 716 1585; x_wconf 84' lang='lat' dir='ltr'>prime</span> <span class='ocrx_word' id='word_1_85' title='bbox 731 1503 810 1581; x_wconf 83' lang='lat' dir='ltr'>dies,</span> <span class='ocrx_word' id='word_1_86' title='bbox 832 1508 962 1564; x_wconf 83' lang='lat' dir='ltr'>surrexit</span> <span class='ocrx_word' id='word_1_87' title='bbox 976 1507 1012 1564; x_wconf 89' lang='lat' dir='ltr'>eb</span> <span class='ocrx_word' id='word_1_88' title='bbox 1026 1507 1088 1568; x_wconf 87' lang='lat' dir='ltr'>eito</span> <span class='ocrx_word' id='word_1_89' title='bbox 1126 1521 1128 1526; x_wconf 81' lang='grc'>’</span> 
     </span>
     <span class='ocr_line' id='line_1_18' title="bbox 344 1611 1095 1690; baseline -0.005 -17"><span class='ocrx_word' id='word_1_90' title='bbox 344 1613 441 1672; x_wconf 74' lang='lat' dir='ltr'>iaetus</span> <span class='ocrx_word' id='word_1_91' title='bbox 455 1620 579 1690; x_wconf 82' lang='lat' dir='ltr'>uterque</span> <span class='ocrx_word' id='word_1_92' title='bbox 595 1617 678 1684; x_wconf 85' lang='lat' dir='ltr'>toro,</span> <span class='ocrx_word' id='word_1_93' title='bbox 699 1617 873 1690; x_wconf 72' lang='lat' dir='ltr'>secreteque</span> <span class='ocrx_word' id='word_1_94' title='bbox 887 1618 965 1666; x_wconf 89' lang='lat' dir='ltr'>teote</span> <span class='ocrx_word' id='word_1_95' title='bbox 978 1611 1095 1687; x_wconf 76' lang='lat' dir='ltr'>petivit.</span> 
     </span>
     <span class='ocr_line' id='line_1_19' title="bbox 345 1710 1088 1789; baseline -0.004 -13"><span class='ocrx_word' id='word_1_96' title='bbox 345 1713 473 1777; x_wconf 82' lang='lat' dir='ltr'>sednon</span> <span class='ocrx_word' id='word_1_97' title='bbox 487 1715 518 1770; x_wconf 91' lang='lat' dir='ltr'>in</span> <span class='ocrx_word' id='word_1_98' title='bbox 532 1729 640 1789; x_wconf 80' lang='lat' dir='ltr'>segnes</span> <span class='ocrx_word' id='word_1_99' title='bbox 654 1710 806 1768; x_wconf 79' lang='lat' dir='ltr'>solvemnt</span> <span class='ocrx_word' id='word_1_100' title='bbox 819 1711 939 1789; x_wconf 79' lang='lat' dir='ltr'>&#39;peetore</span> <span class='ocrx_word' id='word_1_101' title='bbox 956 1730 1088 1774; x_wconf 84' lang='lat' dir='ltr'>somnos.</span> 
     </span>
     <span class='ocr_line' id='line_1_20' title="bbox 344 1813 1102 1896; baseline -0.004 -19"><span class='ocrx_word' id='word_1_102' title='bbox 344 1817 504 1896; x_wconf 83' lang='lat' dir='ltr'>invigilent</span> <span class='ocrx_word' id='word_1_103' title='bbox 517 1815 626 1888; x_wconf 87' lang='lat' dir='ltr'>enimi,</span> <span class='ocrx_word' id='word_1_104' title='bbox 649 1813 757 1893; x_wconf 90' lang='lat' dir='ltr'>quibus</span> <span class='ocrx_word' id='word_1_105' title='bbox 772 1822 818 1870; x_wconf 87' lang='lat' dir='ltr'>est</span> <span class='ocrx_word' id='word_1_106' title='bbox 830 1813 881 1892; x_wconf 88' lang='lat' dir='ltr'>pie</span> <span class='ocrx_word' id='word_1_107' title='bbox 894 1831 965 1871; x_wconf 85' lang='lat' dir='ltr'>eure</span> <span class='ocrx_word' id='word_1_108' title='bbox 979 1815 1102 1893; x_wconf 87' lang='lat' dir='ltr'>regendi</span> 
     </span>
     <span class='ocr_line' id='line_1_21' title="bbox 260 1912 1082 1999; baseline -0.007 -18"><span class='ocrx_word' id='word_1_109' title='bbox 260 1921 325 1988; x_wconf 78' lang='lat'>140</span> <span class='ocrx_word' id='word_1_110' title='bbox 344 1931 389 1998; x_wconf 75' lang='lat' dir='ltr'>tot</span> <span class='ocrx_word' id='word_1_111' title='bbox 402 1921 480 1978; x_wconf 83' lang='lat' dir='ltr'>letos</span> <span class='ocrx_word' id='word_1_112' title='bbox 495 1915 638 1999; x_wconf 85' lang='lat' dir='ltr'>pupulos,</span> <span class='ocrx_word' id='word_1_113' title='bbox 663 1912 753 1974; x_wconf 85' lang='lat' dir='ltr'>duros</span> <span class='ocrx_word' id='word_1_114' title='bbox 763 1913 915 1973; x_wconf 74' lang='lat' dir='ltr'>domitare</span> <span class='ocrx_word' id='word_1_115' title='bbox 928 1923 1082 1994; x_wconf 82' lang='lat' dir='ltr'>tyrennos,</span> 
     </span>
     <span class='ocr_line' id='line_1_22' title="bbox 346 2005 988 2096; baseline -0.012 -13"><span class='ocrx_word' id='word_1_116' title='bbox 346 2023 477 2083; x_wconf 85' lang='lat' dir='ltr'>oonsiliis</span> <span class='ocrx_word' id='word_1_117' title='bbox 489 2023 551 2096; x_wconf 86' lang='lat' dir='ltr'>uti,</span> <span class='ocrx_word' id='word_1_118' title='bbox 574 2035 680 2078; x_wconf 84' lang='lat' dir='ltr'>oeusss</span> <span class='ocrx_word' id='word_1_119' title='bbox 697 2005 855 2096; x_wconf 84' lang='lat' dir='ltr'>disponere</span> <span class='ocrx_word' id='word_1_120' title='bbox 869 2015 988 2076; x_wconf 88' lang='lat' dir='ltr'>mnndi.</span> 
     </span>
     <span class='ocr_line' id='line_1_23' title="bbox 344 2117 1086 2202; baseline -0.009 -15"><span class='ocrx_word' id='word_1_121' title='bbox 344 2129 496 2199; x_wconf 79' lang='lat' dir='ltr'>mexnne,</span> <span class='ocrx_word' id='word_1_122' title='bbox 517 2141 571 2202; x_wconf 85' lang='lat' dir='ltr'>pro</span> <span class='ocrx_word' id='word_1_123' title='bbox 586 2139 687 2180; x_wconf 87' lang='lat' dir='ltr'>rerum</span> <span class='ocrx_word' id='word_1_124' title='bbox 702 2137 779 2200; x_wconf 80' lang='lat' dir='ltr'>quae</span> <span class='ocrx_word' id='word_1_125' title='bbox 795 2117 969 2197; x_wconf 79' lang='lat' dir='ltr'>disposuere</span> <span class='ocrx_word' id='word_1_126' title='bbox 980 2119 1086 2197; x_wconf 84' lang='lat' dir='ltr'>seinte,</span> 
     </span>
     <span class='ocr_line' id='line_1_24' title="bbox 345 2219 1095 2303; baseline -0.009 -14"><span class='ocrx_word' id='word_1_127' title='bbox 345 2223 523 2288; x_wconf 74' lang='lat' dir='ltr'>edmimnda</span> <span class='ocrx_word' id='word_1_128' title='bbox 534 2224 633 2302; x_wconf 81' lang='lat' dir='ltr'>magis</span> <span class='ocrx_word' id='word_1_129' title='bbox 645 2239 737 2303; x_wconf 86' lang='lat' dir='ltr'>quem</span> <span class='ocrx_word' id='word_1_130' title='bbox 750 2219 992 2279; x_wconf 75' lang='lat' dir='ltr'>connumeranda</span> <span class='ocrx_word' id='word_1_131' title='bbox 1005 2223 1095 2283; x_wconf 80' lang='lat' dir='ltr'>interi</span> 
     </span>
     <span class='ocr_line' id='line_1_25' title="bbox 343 2323 1151 2406; baseline -0.004 -16"><span class='ocrx_word' id='word_1_132' title='bbox 343 2329 512 2391; x_wconf 77' lang='lat' dir='ltr'>humanum</span> <span class='ocrx_word' id='word_1_133' title='bbox 524 2325 610 2386; x_wconf 82' lang='lat' dir='ltr'>decet</span> <span class='ocrx_word' id='word_1_134' title='bbox 622 2325 789 2402; x_wconf 82' lang='lat' dir='ltr'>ingenium.</span> <span class='ocrx_word' id='word_1_135' title='bbox 833 2323 901 2403; x_wconf 83' lang='lat' dir='ltr'>quis</span> <span class='ocrx_word' id='word_1_136' title='bbox 915 2327 1046 2383; x_wconf 86' lang='lat' dir='ltr'>oennine</span> <span class='ocrx_word' id='word_1_137' title='bbox 1061 2323 1151 2406; x_wconf 85' lang='lat' dir='ltr'>digno</span> 
     </span>
     <span class='ocr_line' id='line_1_26' title="bbox 258 2422 995 2504; baseline -0.009 -13"><span class='ocrx_word' id='word_1_138' title='bbox 258 2431 324 2500; x_wconf 75' lang='grc'>115</span> <span class='ocrx_word' id='word_1_139' title='bbox 344 2441 390 2491; x_wconf 90' lang='lat' dir='ltr'>tet</span> <span class='ocrx_word' id='word_1_140' title='bbox 403 2429 573 2489; x_wconf 73' lang='lat' dir='ltr'>divinornm</span> <span class='ocrx_word' id='word_1_141' title='bbox 587 2427 733 2484; x_wconf 86' lang='lat' dir='ltr'>rnireeule</span> <span class='ocrx_word' id='word_1_142' title='bbox 748 2422 881 2504; x_wconf 84' lang='lat' dir='ltr'>pendere</span> <span class='ocrx_word' id='word_1_143' title='bbox 896 2445 995 2484; x_wconf 89' lang='lat' dir='ltr'>rerum</span> 
     </span>
     <span class='ocr_line' id='line_1_27' title="bbox 345 2525 1207 2614; baseline -0.005 -18"><span class='ocrx_word' id='word_1_144' title='bbox 345 2529 495 2614; x_wconf 66' lang='lat' dir='ltr'>sufficiet?</span> <span class='ocrx_word' id='word_1_145' title='bbox 538 2530 647 2611; x_wconf 87' lang='lat' dir='ltr'>quibus</span> <span class='ocrx_word' id='word_1_146' title='bbox 660 2525 735 2586; x_wconf 85' lang='lat' dir='ltr'>heeo</span> <span class='ocrx_word' id='word_1_147' title='bbox 749 2527 864 2602; x_wconf 83' lang='lat' dir='ltr'>verbis,</span> <span class='ocrx_word' id='word_1_148' title='bbox 885 2545 946 2607; x_wconf 89' lang='lat' dir='ltr'>que</span> <span class='ocrx_word' id='word_1_149' title='bbox 957 2527 1048 2588; x_wconf 86' lang='lat' dir='ltr'>lende</span> <span class='ocrx_word' id='word_1_150' title='bbox 1060 2533 1207 2611; x_wconf 68' lang='lat' dir='ltr'>reponet?</span> 
     </span>
    </p>
   </div>
   <div class='ocr_carea' id='block_1_6' title="bbox 345 2631 1225 2714">
    <p class='ocr_par' dir='ltr' id='par_1_6' title="bbox 345 2631 1225 2714">
     <span class='ocr_line' id='line_1_28' title="bbox 345 2631 1225 2714; baseline 0.018 -34"><span class='ocrx_word' id='word_1_151' title='bbox 345 2635 414 2696; x_wconf 58' lang='lat' dir='ltr'>diva</span> <span class='ocrx_word' id='word_1_152' title='bbox 429 2637 564 2712; x_wconf 62' lang='lat' dir='ltr'>Aegeate</span> <span class='ocrx_word' id='word_1_153' title='bbox 579 2631 702 2705; x_wconf 76' lang='lat' dir='ltr'>ferens,</span> <span class='ocrx_word' id='word_1_154' title='bbox 726 2639 863 2690; x_wconf 76' lang='lat' dir='ltr'>sanetum</span> <span class='ocrx_word' id='word_1_155' title='bbox 878 2639 908 2687; x_wconf 90' lang='lat' dir='ltr'>et</span> <span class='ocrx_word' id='word_1_156' title='bbox 919 2631 1090 2690; x_wconf 79' lang='lat' dir='ltr'>venerabile</span> <span class='ocrx_word' id='word_1_157' title='bbox 1105 2655 1225 2714; x_wconf 81' lang='lat' dir='ltr'>nomen,</span> 
     </span>
    </p>
   </div>
   <div class='ocr_carea' id='block_1_7' title="bbox 257 2733 1164 4036">
    <p class='ocr_par' dir='ltr' id='par_1_7' title="bbox 344 2733 1109 2919">
     <span class='ocr_line' id='line_1_29' title="bbox 344 2733 1109 2811; baseline -0.005 -14"><span class='ocrx_word' id='word_1_158' title='bbox 344 2737 655 2809; x_wconf 69' lang='lat' dir='ltr'>immanentem,</span> <span class='ocrx_word' id='word_1_159' title='bbox 677 2741 797 2792; x_wconf 81' lang='lat' dir='ltr'>nostrae</span> <span class='ocrx_word' id='word_1_160' title='bbox 814 2733 960 2810; x_wconf 77' lang='lat' dir='ltr'>sapientie</span> <span class='ocrx_word' id='word_1_161' title='bbox 976 2733 1109 2811; x_wconf 80' lang='lat' dir='ltr'>linguae,</span> 
     </span>
     <span class='ocr_line' id='line_1_30' title="bbox 344 2833 1097 2919; baseline -0.005 -19"><span class='ocrx_word' id='word_1_162' title='bbox 344 2840 487 2919; x_wconf 75' lang='lat' dir='ltr'>auspiciis</span> <span class='ocrx_word' id='word_1_163' title='bbox 503 2835 580 2896; x_wconf 87' lang='lat' dir='ltr'>heee</span> <span class='ocrx_word' id='word_1_164' title='bbox 595 2855 678 2898; x_wconf 78' lang='lat' dir='ltr'>suere</span> <span class='ocrx_word' id='word_1_165' title='bbox 692 2833 771 2893; x_wconf 80' lang='lat' dir='ltr'>tuist</span> <span class='ocrx_word' id='word_1_166' title='bbox 792 2841 844 2892; x_wconf 81' lang='lat' dir='ltr'>tue</span> <span class='ocrx_word' id='word_1_167' title='bbox 859 2844 926 2892; x_wconf 83' lang='lat' dir='ltr'>vote</span> <span class='ocrx_word' id='word_1_168' title='bbox 940 2847 1097 2896; x_wconf 78' lang='lat' dir='ltr'>eruentem</span> 
     </span>
    </p>

    <p class='ocr_par' dir='ltr' id='par_1_8' title="bbox 258 2928 1046 3022">
     <span class='ocr_line' id='line_1_31' title="bbox 258 2928 1046 3022; baseline -0.005 -21"><span class='ocrx_word' id='word_1_169' title='bbox 258 2941 324 3008; x_wconf 88' lang='grc'>150</span> <span class='ocrx_word' id='word_1_170' title='bbox 346 2928 477 3022; x_wconf 81' lang='lat' dir='ltr'>respice,</span> <span class='ocrx_word' id='word_1_171' title='bbox 501 2951 530 2998; x_wconf 90' lang='lat' dir='ltr'>et</span> <span class='ocrx_word' id='word_1_172' title='bbox 546 2941 644 2998; x_wconf 78' lang='lat' dir='ltr'>oranti</span> <span class='ocrx_word' id='word_1_173' title='bbox 658 2938 790 2997; x_wconf 77' lang='lat' dir='ltr'>clemens</span> <span class='ocrx_word' id='word_1_174' title='bbox 804 2936 910 2995; x_wconf 86' lang='lat' dir='ltr'>soletie</span> <span class='ocrx_word' id='word_1_175' title='bbox 925 2939 1046 3016; x_wconf 76' lang='lat' dir='ltr'>praebe.</span> 
     </span>
    </p>

    <p class='ocr_par' dir='ltr' id='par_1_9' title="bbox 343 3038 1164 3428">
     <span class='ocr_line' id='line_1_32' title="bbox 386 3038 1149 3124; baseline -0.004 -21"><span class='ocrx_word' id='word_1_176' title='bbox 386 3043 521 3124; x_wconf 81' lang='lat' dir='ltr'>Septima</span> <span class='ocrx_word' id='word_1_177' title='bbox 537 3039 718 3122; x_wconf 75' lang='lat' dir='ltr'>gaudentem</span> <span class='ocrx_word' id='word_1_178' title='bbox 731 3040 787 3098; x_wconf 87' lang='lat' dir='ltr'>lux</span> <span class='ocrx_word' id='word_1_179' title='bbox 802 3058 892 3098; x_wconf 83' lang='lat' dir='ltr'>enree</span> <span class='ocrx_word' id='word_1_180' title='bbox 904 3038 1022 3098; x_wconf 83' lang='lat' dir='ltr'>videret</span> <span class='ocrx_word' id='word_1_181' title='bbox 1036 3042 1149 3120; x_wconf 86' lang='lat' dir='ltr'>orbem,</span> 
     </span>
     <span class='ocr_line' id='line_1_33' title="bbox 346 3139 1164 3226; baseline -0.004 -22"><span class='ocrx_word' id='word_1_182' title='bbox 346 3145 501 3226; x_wconf 86' lang='lat' dir='ltr'>expellens</span> <span class='ocrx_word' id='word_1_183' title='bbox 516 3143 635 3225; x_wconf 80' lang='lat' dir='ltr'>pleoido</span> <span class='ocrx_word' id='word_1_184' title='bbox 651 3143 800 3202; x_wconf 86' lang='lat' dir='ltr'>brumelie</span> <span class='ocrx_word' id='word_1_185' title='bbox 812 3142 925 3220; x_wconf 84' lang='lat' dir='ltr'>frigore</span> <span class='ocrx_word' id='word_1_186' title='bbox 940 3161 1043 3202; x_wconf 81' lang='lat' dir='ltr'>verno.</span> <span class='ocrx_word' id='word_1_187' title='bbox 1161 3139 1164 3182; x_wconf 77' lang='lat' dir='ltr'>j</span> 
     </span>
     <span class='ocr_line' id='line_1_34' title="bbox 344 3245 1051 3320; baseline -0.006 -13"><span class='ocrx_word' id='word_1_188' title='bbox 344 3249 445 3307; x_wconf 81' lang='lat' dir='ltr'>omnia</span> <span class='ocrx_word' id='word_1_189' title='bbox 462 3246 508 3305; x_wconf 78' lang='lat' dir='ltr'>sol</span> <span class='ocrx_word' id='word_1_190' title='bbox 522 3249 621 3304; x_wconf 88' lang='lat' dir='ltr'>oriens</span> <span class='ocrx_word' id='word_1_191' title='bbox 637 3245 729 3304; x_wconf 84' lang='lat' dir='ltr'>rediis</span> <span class='ocrx_word' id='word_1_192' title='bbox 743 3245 920 3303; x_wconf 84' lang='lat' dir='ltr'>melioribus</span> <span class='ocrx_word' id='word_1_193' title='bbox 935 3246 1051 3320; x_wconf 75' lang='lat' dir='ltr'>efflans,</span> 
     </span>
     <span class='ocr_line' id='line_1_35' title="bbox 343 3346 1066 3428; baseline 0 -22"><span class='ocrx_word' id='word_1_194' title='bbox 343 3349 506 3428; x_wconf 79' lang='lat' dir='ltr'>tranquillo</span> <span class='ocrx_word' id='word_1_195' title='bbox 522 3346 637 3428; x_wconf 79' lang='lat' dir='ltr'>gelidus</span> <span class='ocrx_word' id='word_1_196' title='bbox 651 3349 832 3428; x_wconf 82' lang='lat' dir='ltr'>tepeieeeret</span> <span class='ocrx_word' id='word_1_197' title='bbox 844 3349 917 3425; x_wconf 88' lang='lat' dir='ltr'>igne</span> <span class='ocrx_word' id='word_1_198' title='bbox 933 3351 1066 3426; x_wconf 88' lang='lat' dir='ltr'>pruines.</span> 
     </span>
    </p>

    <p class='ocr_par' dir='ltr' id='par_1_10' title="bbox 259 3449 1113 3940">
     <span class='ocr_line' id='line_1_36' title="bbox 259 3449 1113 3530; baseline 0.001 -22"><span class='ocrx_word' id='word_1_199' title='bbox 259 3449 322 3516; x_wconf 88' lang='grc'>155</span> <span class='ocrx_word' id='word_1_200' title='bbox 343 3449 514 3528; x_wconf 77' lang='lat' dir='ltr'>gaudebant</span> <span class='ocrx_word' id='word_1_201' title='bbox 530 3454 677 3510; x_wconf 79' lang='lat' dir='ltr'>elementa</span> <span class='ocrx_word' id='word_1_202' title='bbox 690 3451 796 3525; x_wconf 75' lang='lat' dir='ltr'>simul,</span> <span class='ocrx_word' id='word_1_203' title='bbox 817 3451 962 3530; x_wconf 79' lang='lat' dir='ltr'>mollique</span> <span class='ocrx_word' id='word_1_204' title='bbox 976 3451 1113 3509; x_wconf 89' lang='lat' dir='ltr'>eelebent</span> 
     </span>
     <span class='ocr_line' id='line_1_37' title="bbox 342 3550 1092 3635; baseline -0.001 -23"><span class='ocrx_word' id='word_1_205' title='bbox 342 3553 504 3632; x_wconf 87' lang='lat' dir='ltr'>temperie,</span> <span class='ocrx_word' id='word_1_206' title='bbox 526 3557 664 3635; x_wconf 84' lang='lat' dir='ltr'>votisque</span> <span class='ocrx_word' id='word_1_207' title='bbox 680 3555 742 3612; x_wconf 80' lang='lat' dir='ltr'>stn&#39;s</span> <span class='ocrx_word' id='word_1_208' title='bbox 757 3567 836 3612; x_wconf 75' lang='lat' dir='ltr'>note</span> <span class='ocrx_word' id='word_1_209' title='bbox 850 3553 947 3612; x_wconf 78' lang='lat' dir='ltr'>Reme</span> <span class='ocrx_word' id='word_1_210' title='bbox 961 3550 1092 3611; x_wconf 78' lang='lat' dir='ltr'>ferebat.</span> 
     </span>
     <span class='ocr_line' id='line_1_38' title="bbox 342 3653 1103 3735; baseline -0.004 -22"><span class='ocrx_word' id='word_1_211' title='bbox 342 3665 445 3713; x_wconf 85' lang='lat' dir='ltr'>ornete</span> <span class='ocrx_word' id='word_1_212' title='bbox 461 3663 506 3713; x_wconf 87' lang='lat' dir='ltr'>est</span> <span class='ocrx_word' id='word_1_213' title='bbox 519 3655 655 3734; x_wconf 82' lang='lat' dir='ltr'>Auguste</span> <span class='ocrx_word' id='word_1_214' title='bbox 669 3653 792 3730; x_wconf 87' lang='lat' dir='ltr'>domus,</span> <span class='ocrx_word' id='word_1_215' title='bbox 814 3655 958 3735; x_wconf 84' lang='lat' dir='ltr'>iussuque</span> <span class='ocrx_word' id='word_1_216' title='bbox 972 3655 1103 3731; x_wconf 84' lang='lat' dir='ltr'>regentis</span> 
     </span>
     <span class='ocr_line' id='line_1_39' title="bbox 343 3755 1067 3837; baseline 0 -25"><span class='ocrx_word' id='word_1_217' title='bbox 343 3757 430 3812; x_wconf 79' lang='lat' dir='ltr'>ueniti</span> <span class='ocrx_word' id='word_1_218' title='bbox 442 3773 581 3835; x_wconf 81' lang='lat' dir='ltr'>proeenes</span> <span class='ocrx_word' id='word_1_219' title='bbox 595 3775 715 3832; x_wconf 88' lang='lat' dir='ltr'>omnes,</span> <span class='ocrx_word' id='word_1_220' title='bbox 737 3755 1006 3837; x_wconf 84' lang='lat' dir='ltr'>seholeqnepeleti</span> <span class='ocrx_word' id='word_1_221' title='bbox 1021 3765 1067 3812; x_wconf 88' lang='lat' dir='ltr'>est</span> 
     </span>
     <span class='ocr_line' id='line_1_40' title="bbox 341 3841 1113 3940; baseline 0.004 -28"><span class='ocrx_word' id='word_1_222' title='bbox 341 3841 423 3914; x_wconf 76' lang='lat' dir='ltr'>insse</span> <span class='ocrx_word' id='word_1_223' title='bbox 437 3862 499 3918; x_wconf 86' lang='lat' dir='ltr'>suis</span> <span class='ocrx_word' id='word_1_224' title='bbox 516 3857 633 3918; x_wconf 78' lang='lat' dir='ltr'>edstere</span> <span class='ocrx_word' id='word_1_225' title='bbox 646 3860 732 3918; x_wconf 85' lang='lat' dir='ltr'>loeis.</span> <span class='ocrx_word' id='word_1_226' title='bbox 773 3859 897 3940; x_wconf 88' lang='lat' dir='ltr'>iernque</span> <span class='ocrx_word' id='word_1_227' title='bbox 912 3857 1016 3916; x_wconf 76' lang='lat' dir='ltr'>ordIne</span> <span class='ocrx_word' id='word_1_228' title='bbox 1033 3853 1113 3915; x_wconf 86' lang='lat' dir='ltr'>oerto</span> 
     </span>
    </p>

    <p class='ocr_par' dir='ltr' id='par_1_11' title="bbox 257 3955 1157 4036">
     <span class='ocr_line' id='line_1_41' title="bbox 257 3955 1157 4036; baseline 0 -18"><span class='ocrx_word' id='word_1_229' title='bbox 257 3957 321 4022; x_wconf 86' lang='grc'>160</span> <span class='ocrx_word' id='word_1_230' title='bbox 341 3959 428 4017; x_wconf 81' lang='lat' dir='ltr'>turbe</span> <span class='ocrx_word' id='word_1_231' title='bbox 442 3957 640 4036; x_wconf 76' lang='lat' dir='ltr'>decanorum,</span> <span class='ocrx_word' id='word_1_232' title='bbox 663 3981 833 4036; x_wconf 80' lang='lat' dir='ltr'>cursorum,</span> <span class='ocrx_word' id='word_1_233' title='bbox 856 3965 889 4020; x_wconf 90' lang='lat' dir='ltr'>in</span> <span class='ocrx_word' id='word_1_234' title='bbox 902 3961 991 4018; x_wconf 89' lang='lat' dir='ltr'>rebus</span> <span class='ocrx_word' id='word_1_235' title='bbox 1004 3955 1157 4036; x_wconf 85' lang='lat' dir='ltr'>egentum,</span> 
     </span>
    </p>
   </div>
   <div class='ocr_carea' id='block_1_8' title="bbox 1292 99 1362 190">
    <p class='ocr_par' dir='ltr' id='par_1_12' title="bbox 1292 99 1362 190">
     <span class='ocr_line' id='line_1_42' title="bbox 1292 99 1362 190; baseline 0 0"><span class='ocrx_word' id='word_1_236' title='bbox 1292 99 1362 190; x_wconf 81' lang='lat'><strong>19&#39;1</strong></span> 
     </span>
    </p>
   </div>
   <div class='ocr_carea' id='block_1_9' title="bbox 343 4057 1307 4142">
    <p class='ocr_par' dir='ltr' id='par_1_13' title="bbox 343 4057 1307 4142">
     <span class='ocr_line' id='line_1_43' title="bbox 343 4057 1307 4142; baseline -0.046 4"><span class='ocrx_word' id='word_1_237' title='bbox 343 4079 470 4142; x_wconf 60' lang='lat' dir='ltr'><strong>⁰⁰¹an*</strong></span> <span class='ocrx_word' id='word_1_238' title='bbox 488 4061 629 4141; x_wconf 57' lang='lat' dir='ltr'>Ptltfinit</span> <span class='ocrx_word' id='word_1_239' title='bbox 644 4073 728 4128; x_wconf 81' lang='lat' dir='ltr'>stem</span> <span class='ocrx_word' id='word_1_240' title='bbox 744 4061 872 4122; x_wconf 86' lang='lat' dir='ltr'>oendide</span> <span class='ocrx_word' id='word_1_241' title='bbox 886 4063 974 4122; x_wconf 81' lang='lat' dir='ltr'>turbe</span> <span class='ocrx_word' id='word_1_242' title='bbox 990 4061 1129 4138; x_wconf 80' lang='lat' dir='ltr'>tribunis,</span> <span class='ocrx_word' id='word_1_243' title='bbox 1214 4057 1215 4068; x_wconf 61' lang='lat'>¹</span> <span class='ocrx_word' id='word_1_244' title='bbox 1232 4087 1233 4092; x_wconf 22' lang='grc' dir='ltr'><strong>κ</strong></span> <span class='ocrx_word' id='word_1_245' title='bbox 1306 4079 1307 4082; x_wconf 60' lang='lat'><em>=</em></span> 
     </span>
    </p>
   </div>
   <div class='ocr_carea' id='block_1_10' title="bbox 306 4165 1151 4227">
    <p class='ocr_par' dir='ltr' id='par_1_14' title="bbox 306 4165 1151 4227">
     <span class='ocr_line' id='line_1_44' title="bbox 306 4165 1151 4227; baseline 0.006 -7"><span class='ocrx_word' id='word_1_246' title='bbox 306 4165 406 4222; x_wconf 67' lang='lat' dir='ltr'>Mari.</span> <span class='ocrx_word' id='word_1_247' title='bbox 428 4175 454 4224; x_wconf 85' lang='lat' dir='ltr'>et</span> <span class='ocrx_word' id='word_1_248' title='bbox 476 4168 536 4222; x_wconf 77' lang='lat' dir='ltr'>cer.</span> <span class='ocrx_word' id='word_1_249' title='bbox 1112 4165 1151 4227; x_wconf 83' lang='lat'>17</span> 
     </span>
    </p>
   </div>
   <div class='ocr_carea' id='block_1_11' title="bbox 0 0 1416 5156">
    <p class='ocr_par' dir='ltr' id='par_1_15' title="bbox 0 0 1416 5156">
     <span class='ocr_line' id='line_1_45' title="bbox 0 0 1416 5156; baseline 0 0"><span class='ocrx_word' id='word_1_250' title='bbox 0 0 1416 5156; x_wconf 95' lang='lat' dir='ltr'> </span> 
     </span>
    </p>
   </div>
  </div>
 </body>
</html>
