2768 5146
433 299 492 368 DE
515 297 778 368 MEROBAUDE
802 300 944 368 rmus.
1131 305 1135 312 “
1208 323 1243 372 tx
1280 313 1283 322 ’

102 505 106 510 -
167 499 170 506 ⁴
221 469 271 528 De
294 465 398 548 pretio,
420 464 635 532 anecdotorum
662 465 809 527 editorem
831 464 930 529 dicere
953 468 1155 550 periculosum
1178 481 1242 548 est3

136 592 238 654 neque
254 589 440 654 magnopere
460 583 564 632 metuo
585 591 642 647 ne,
661 571 713 630 rel
731 571 839 630 silente
857 591 925 648 me,
946 570 1144 633 Merobaudes
1154 593 1242 634 meus

138 674 381 737 contemnendus
400 681 489 756 poeta
508 671 614 735 videri
625 675 730 756 possit.
772 673 869 732 multa
888 673 1022 753 profecto
1037 674 1086 746 his
1100 675 1242 736 carmini-¹

137 779 198 840 bus
217 781 324 838 insunt
342 778 460 838 fortiter
479 779 624 858 cogitata,
646 777 777 857 plurima
797 775 950 860 eleganter
969 775 1066 838 dicta:
1087 801 1245 863 nunquam
1370 829 1376 842 .

140 883 268 963 ineptit3
293 889 363 941 raro
370 926 379 958 ,
397 877 431 940 id
443 878 527 963 quod
540 882 609 940 aeri
618 881 731 939 citium
744 889 806 955 est,
827 890 935 938 tumet.
977 883 1016 940 eit
1027 879 1133 964 inhoc
1148 903 1245 966 quae·

143 983 216 1045 dam
230 971 354 1044 editoris
369 983 581 1068 φιλοστοργία
603 993 706 1042 temen
719 979 799 1040 hauc
813 980 1078 1062 reprehensionem
1094 1005 1155 1045 non
1168 984 1247 1046 adso

142 1108 266 1164 vereor,
290 1097 325 1146 nt
336 1107 399 1146 non
410 1087 509 1146 fatear
524 1105 632 1166 cupere
645 1105 696 1144 me
712 1104 783 1144 eum
797 1083 981 1163 orandun,
1004 1087 1053 1144 oui
1068 1089 1158 1148 aetati
1173 1109 1246 1169 pro-

144 1191 247 1248 ximus
269 1199 334 1265 est,
358 1191 477 1269 poetica
497 1209 615 1271 quoque
631 1185 723 1247 laude
738 1189 793 1246 vix
805 1187 978 1248 inferiorem
995 1191 1121 1248 censeri.
1162 1193 1247 1254 scili-

146 1303 210 1368 cet,
236 1289 270 1351 id
299 1288 380 1374 quod
401 1292 605 1371 inscriptionis
628 1291 763 1370 elogium
781 1289 950 1371 praedicat,
977 1293 1135 1372 ingenium
1156 1296 1248 1354 annis

144 1397 258 1476 pariter
275 1391 311 1452 ie
330 1393 400 1454 stilo
422 1405 614 1472 exercuerat,
640 1397 710 1477 plus
730 1396 763 1454 in
787 1396 890 1455 castris
912 1413 1004 1478 quam
1023 1397 1057 1454 in
1076 1395 1250 1460 scholarum

145 1499 208 1557 otio
228 1508 377 1557 versatus.
419 1496 453 1555 in
472 1498 647 1558 universum
659 1508 762 1560 autem
775 1495 835 1558 hoc
848 1496 1014 1556 tenendum
1028 1509 1089 1574 est,
1109 1486 1163 1559 illo
1179 1521 1248 1560 sae·

147 1599 216 1658 culo
227 1619 287 1680 quo
301 1599 381 1659 orbis
392 1599 548 1659 Romanus
562 1598 754 1676 concidebat,
775 1601 866 1680 longe
881 1601 968 1681 plura
981 1601 1184 1684 amplioreque
1198 1603 1249 1661 in-

148 1703 238 1782 genia
259 1703 393 1780 riguisse
413 1722 506 1784 quarn
527 1704 564 1763 iis
585 1695 663 1786 qnae
676 1707 815 1786 proxime
828 1714 1068 1786 praecesserant:
1096 1723 1250 1764 summum

147 1805 232 1864 enim
244 1800 422 1880 discrimen,
443 1825 504 1888 qno
517 1818 643 1887 urgente
656 1809 891 1890 uniuscuiusque
901 1808 1011 1888 privati
1022 1803 1154 1870 hominis
1168 1809 1250 1870 salus

147 1926 167 1968 a
180 1907 226 1965 rei
240 1907 380 1986 publicae
402 1908 500 1966 sainte
518 1907 684 1989 pendebat,
705 1913 824 1971 animm
839 1930 880 1969 ex
896 1908 1012 1969 diutino
1031 1919 1150 1990 torpore
1165 1911 1250 1968 exci-

147 2019 227 2069 tatos
240 2010 413 2088 graviorum
427 2031 529 2070 rerum
543 2014 771 2092 cogitationibus
784 2013 948 2094 implebat3
971 2014 1050 2072 viros
1067 2024 1169 2073 autem
1181 2032 1251 2072 ma-

147 2131 227 2192 gnos
243 2113 276 2170 in
291 2110 402 2172 mediis
419 2115 561 2196 periculis
581 2114 861 2199 discriminibusque
882 2126 969 2176 natos
992 2124 1022 2174 et
1038 2114 1151 2191 factos,
1172 2115 1252 2174 inter

148 2215 343 2297 antiquorem
360 2219 507 2278 virtntrnn
526 2220 627 2280 ruinas
643 2221 829 2296 eminentes,
852 2230 883 2279 et
898 2238 1026 2302 quornm
1036 2218 1191 2278 immensis
1203 2216 1252 2276 la-
1277 2276 1280 2281 .

147 2317 271 2378 boribus
283 2319 428 2400 reliquiae
440 2321 561 2401 imperii
574 2323 806 2398 sustinebantur,
821 2324 935 2383 sincere
950 2333 981 2382 et
996 2341 1037 2382 ex
1051 2323 1152 2380 animo
1162 2339 1254 2401 prae-

150 2418 292 2482 dicabant
314 2420 608 2507 adrnirabanturque.
651 2427 764 2508 quippe
785 2426 911 2484 Traiani
934 2445 1009 2485 aero
1031 2445 1131 2506 neque
1153 2420 1254 2483 clades
1341 2491 1343 2502 μ

150 2534 293 2604 acceptae
314 2529 510 2608 neque-parti
529 2525 675 2610 triumphi
694 2525 903 2608 condicionem
918 2524 1067 2588 'Italorum
1082 2526 1257 2586 mutabant:

151 2645 258 2686 rernm
278 2647 296 2685 a
320 2630 430 2688 virtme
451 2641 482 2689 et
504 2630 648 2691 felicitate
669 2631 894 2711 temerasque
914 2623 1074 2711 prudentia
1097 2624 1259 2708 pendebat,

153 2741 255 2790 utrum
265 2733 382 2790 Romae
395 2742 425 2790 et
437 2732 470 2791 in
481 2734 569 2793 Italia
582 2753 687 2795 secure
702 2735 854 2794 viveretur
863 2713 884 2808 ,⁵
894 2751 934 2790 an
951 2732 1147 2793 barbatorum
1158 2727 1259 2789 saeri-

151 2834 196 2893 tia
214 2853 312 2916 usque
333 2835 367 2893 in
382 2837 597 2900 remotissimos
619 2835 745 2916 angulos
767 2845 961 2915 grassarenrr.
1003 2830 1095 2892 huius
1116 2833 1201 2907 aeri,
1226 2832 1260 2890 in
1365 2861 1368 2868 ·

153 2955 214 3017 qno
229 2956 384 2996 armorum
396 2939 493 3018 gloria
504 2941 610 3000 Aetius
624 2941 689 3018 ipse
703 2957 738 2998 ac
750 2938 940 3012 Bonilacius,
960 2935 1109 3018 pauloque
1124 2935 1257 2995 iuniores
1273 2952 1301 3008 p.
1319 2936 1376 3004 ΧΗ,

152 3041 339 3100 Maiorianus
360 3051 391 3100 et
411 3043 624 3122 Sebastianus,
646 3043 810 3119 florebant,
834 3042 891 3101 riri
904 3042 957 3100 rix
969 3040 1171 3119 ullipriorum
1189 3057 1260 3098 sae-

153 3142 294 3201 culorum
317 3141 388 3202 duci
410 3143 554 3222 secundi,
574 3147 607 3206 in
627 3165 686 3229 quo
703 3165 766 3206 non
780 3147 870 3226 pauci
883 3165 971 3207 senes
984 3145 1159 3225 superstites
1176 3154 1262 3204 erant

154 3246 209 3327 qni
224 3243 426 3307 Claudianum
438 3246 610 3327 audissent,
630 3262 660 3311 et
671 3249 753 3334 quod
766 3253 804 3311 Ι).
819 3252 1024 3330 Augustinum
1036 3243 1260 3330 quodammodo

155 3349 214 3408 sibi
226 3349 368 3422 tribuere,
377 3361 512 3433 poterat,
531 3350 640 3430 huius,
663 3356 806 3438 inquam,
827 3355 895 3412 aevi
908 3353 1029 3412 nullum
1042 3359 1196 3430 supererat
1210 3351 1261 3408 in·-

155 3453 239 3530 genii
251 3465 502 3531 monumentum
523 3466 613 3538 atque
626 3459 692 3538 ipsa
703 3459 840 3538 ingentia
853 3456 934 3516 Attii
948 3454 1044 3528 facta,
1061 3461 1181 3532 praeter
1190 3451 1262 3512 bre-

155 3557 314 3616 vissimam
331 3559 365 3616 in
386 3555 534 3618 chronicis
549 3563 752 3639 mentionem,
770 3559 935 3622 memoriae
946 3553 1106 3615 hominum
1117 3557 1181 3615 iere
1195 3577 1262 3615 ere-

114 3711 132 3746 ,
154 3669 208 3738 pta
221 3657 357 3720 inerunt.v
383 3663 486 3745 itaque
499 3651 659 3742 aingrtlnrls
670 3662 780 3724 horum
791 3664 1028 3741 fragmentorum
1043 3656 1098 3720 dos
1112 3669 1167 3736 est,
1181 3656 1263 3742 qnod

156 3772 188 3820 et
210 3761 372 3823 adrerum
393 3775 547 3844 gestemm
567 3767 707 3826 notitiam
730 3763 871 3825 nonnihil
897 3764 1072 3838 conferunt,
1100 3773 1131 3822 et
1155 3781 1265 3821 sevum

156 3863 276 3944 ipsum,
301 3867 466 3951 qualesque
486 3869 540 3928 illo
560 3879 697 3950 ternpore
719 3869 833 3930 fuerint
848 3868 965 3928 litterae
979 3865 1179 3950 hominesque
1195 3883 1266 3922 eru-
1344 3867 1352 3884 ’

157 3964 230 4044 diti,
252 3979 323 4028 ante
340 3969 443 4030 oculos
460 3973 580 4032 sistunt.

242 4069 377 4133 Editoris
401 4073 550 4153 officimn,
574 4077 608 4135 in
627 4072 806 4136 huiusmodi
826 4075 960 4158 reliqniis
982 4065 1192 4143 recensendis,
1217 4067 1269 4128 vel

158 4175 320 4256 praecipue
341 4178 421 4236 circa
436 4179 647 4258 supplementa
662 4198 804 4238 versuum
820 4187 1027 4238 huncatorum
1039 4169 1268 4264 versatiliben-
1351 4175 1352 4178 ’

159 4284 207 4334 ter
228 4296 379 4359 agnosco,
405 4299 535 4363 eumque
561 4279 701 4353 demum,
723 4281 776 4362 qui
796 4299 832 4338 aa
853 4299 930 4362 qnae
944 4277 1040 4338 fracta
1057 4285 1088 4336 ct
1101 4272 1268 4334 brennae
