2834 5138
134 715 135 718 ’
199 700 270 768 178
500 698 673 766 ’(ἶΟῙὶῙΡΡΙ
696 697 753 764 DE
779 697 984 765 LAUDIBUS

219 864 510 932 651ustinirerurn.
553 873 688 924 nosirnm
703 873 806 943 caput,
829 863 945 938 inclita,
968 883 1063 937 servo,

283 977 378 1023 attare
392 966 567 1045 imperimn,
590 967 682 1023 uitam
697 985 783 1042 rege,
806 965 913 1044 perfice
928 977 1041 1043 coepta.
1069 987 1071 994 ’

282 1066 410 1125 debens
426 1065 577 1146 dispositis
594 1063 756 1146 procedant
775 1069 874 1142 omnia
889 1067 1008 1126 nostris.

281 1167 375 1228 subde
389 1169 467 1228 feras
482 1181 603 1247 gentes:
624 1169 701 1226 iusto
717 1187 858 1226 mucrone
873 1169 992 1248 superbi
1050 1245 1051 1248 Ἰ

283 1268 452 1348 depereant.
494 1279 591 1328 vestro
607 1289 726 1348 semper
739 1273 885 1327 tutamine
902 1265 1036 1329 viram.’'

219 1373 260 1436 70
279 1373 410 1452 plurima
423 1382 576 1453 praeterea
589 1371 687 1430 verbis
704 1371 899 1429 clementibus
914 1391 1011 1447 orans,

281 1475 388 1533 oblatis
403 1475 492 1546 ceris,
515 1476 606 1531 altam
621 1473 762 1532 remeavit
775 1473 804 1528 in
821 1473 931 1530 aniam.

281 1578 304 1633 it
318 1595 434 1635 saonam
448 1577 585 1633 comitata
601 1576 679 1632 latus
695 1571 893 1652 pulcherrima
911 1575 1019 1653 proles,

280 1679 348 1736 luce
361 1696 414 1735 sua
426 1677 547 1755 plenam
561 1693 637 1756 qnae
651 1677 745 1755 possit
757 1677 877 1740 vincere
889 1677 1002 1749 lunam,

281 1782 476 1859 aequiparans
494 1775 625 1836 humeris
641 1787 784 1852 matrem,
807 1777 849 1836 sic
864 1777 963 1835 lucida
980 1781 1072 1853 cuitu,

217 1881 258 1946 76
279 1883 322 1939 sic
334 1881 430 1938 niveis
444 1880 573 1936 formosa
589 1879 674 1958 genis
688 1879 853 1958 similisque
866 1882 992 1958 parenti.

280 1985 350 2061 igne
365 1984 474 2039 micant
489 1982 577 2040 oculi.
620 2001 728 2038 nomen
744 1978 871 2038 distabat
886 1990 915 2038 et
929 1991 1020 2056 aetas,

279 2093 454 2144 nontamen
470 2085 607 2163 egregiae
623 2081 751 2142 distabat
764 2084 858 2162 gratia
873 2082 997 2158 formae,

279 2185 392 2242 arboris
407 2195 440 2242 ut
454 2187 558 2242 matris
574 2203 650 2264 quae
668 2180 705 2240 de
722 2181 820 2240 radice
834 2199 965 2264 propago
1023 2163 1025 2168 ,

278 2288 425 2360 nascitur,
448 2299 478 2344 et
495 2287 581 2344 celsis
596 2279 684 2362 capnt
699 2286 785 2362 erigit
799 2284 889 2344 ardua
904 2289 1003 2358 ramis,

138 2397 140 2402 '
215 2391 256 2454 80
278 2389 467 2466 aequiparata
481 2389 567 2445 noris
582 2395 734 2442 maternae
748 2383 902 2445 frondibus
915 2388 1038 2446 nrnbrae

277 2497 307 2545 at
319 2496 416 2544 mater
428 2485 578 2564 propriam
593 2485 707 2544 florenti
721 2489 854 2564 grmnine
869 2499 971 2547 natam

277 2585 386 2668 gaudet
403 2585 512 2646 habere
525 2607 644 2668 parem,
667 2587 819 2667 laetasque
835 2592 943 2650 anoltit
958 2595 988 2650 in
1003 2609 1088 2649 auras

276 2692 379 2750 felices
392 2709 505 2762 runos,
527 2701 556 2748 et
569 2691 679 2746 vertice
696 2687 821 2768 despicit
836 2711 915 2750 arra.

315 2795 380 2851 Iam
393 2791 488 2850 laenas
501 2793 638 2870 princeps
651 2789 759 2848 ditaiia
772 2799 849 2849 tecta
863 2793 990 2870 subibat,

211 2895 252 2962 85
273 2895 433 2973 amplaque
447 2889 611 2971 gaudentes
625 2893 789 2972 implebant
806 2898 879 2952 atria
895 2897 1009 2954 turbae.

273 2997 438 3054 accelerant
453 2992 522 3068 fidi,
545 3011 614 3051 cura
630 3005 673 3052 est
685 3004 718 3052 ut
733 2996 854 3076 cuique,
876 2995 1004 3056 ministri

274 3097 424 3178 obsequiis
437 3095 579 3174 praebere
591 3114 715 3170 manus,
735 3109 934 3179 promuntqne
946 3100 1103 3183 feruntque

271 3203 420 3279 Augustas
434 3206 532 3256 restes
546 3199 735 3278 pretiosaque
755 3200 872 3277 cingula
889 3203 1016 3279 gemmis

274 3314 303 3360 et
317 3301 421 3379 capitis
435 3297 573 3356 diadema
588 3300 673 3357 sacri.
717 3301 797 3358 cultu
811 3302 876 3378 ipse
889 3305 987 3380 priore

208 3409 249 3471 90
271 3404 404 3474 exuitur,
426 3409 602 3480 tantumque
617 3415 677 3458 uno
692 3404 814 3460 restitns
830 3403 940 3461 amictu
987 3401 990 3404 ’

271 3503 417 3578 constitit,
444 3503 589 3560 etlumen
602 3497 745 3561 membris
757 3503 907 3581 regalibus
921 3507 1014 3563 auxit.

269 3604 352 3665 haud
365 3621 451 3663 secus
462 3611 513 3676 ut,
535 3601 708 3660 nubercam
722 3623 754 3662 se
770 3603 936 3668 rescindere
951 3604 1075 3668 densam

269 3708 399 3788 coeperit
414 3713 443 3762 et
459 3704 576 3761 caelum
589 3707 797 3764 monstraverit
810 3705 912 3765 aethra
924 3685 1079 3786 serenum,

269 3808 408 3869 ardentes
422 3801 520 3863 radios
530 3806 624 3863 mittit
637 3805 739 3866 iubar:
760 3810 860 3866 onmia
871 3809 970 3868 risum

206 3916 248 3982 95
268 3907 456 3989 congaudent
471 3907 617 3964 elementa
633 3905 730 3984 diem3
751 3929 825 3968 mox
836 3911 923 3988 erigit
935 3909 1026 3971 herba

270 4013 361 4072 mollo
378 4019 483 4088 capnt,
506 4017 630 4066 venrant
641 4020 772 4088 segetes,
796 4022 825 4070 et
840 4017 972 4090 gramina
991 4023 1135 4090 crescunt,

267 4120 391 4196 ipsaque
407 4111 569 4189 conspectis
585 4121 737 4188 gratentur
750 4114 864 4172 lumina
880 4119 977 4176 terris.
1055 4153 1060 4162 ι

259 4209 356 4276 “haec
370 4222 415 4273 est
430 4213 483 4270 illa
498 4209 561 4270 dies
570 4206 599 4286 ,³
620 4215 691 4272 laeti
706 4213 810 4282 dixere
824 4217 956 4291 clientes,

260 4311 373 4400 “garam
388 4325 473 4395 pater
485 4315 642 4372 illebonae
658 4325 758 4373 sancto
772 4317 962 4395 praedixerat
977 4339 1039 4379 ore.

184 4424 244 4486 100
266 4417 433 4499 egre-ditur,
455 4418 614 4496 tunicaque
630 4417 696 4495 pios
712 4415 862 4476 inducitur
877 4429 968 4492 artus,

265 4530 366 4579 astrata
380 4539 413 4577 se
427 4529 509 4576 reste
524 4530 643 4597 tegens,
666 4535 724 4597 qua
739 4517 882 4578 candidus
894 4524 992 4580 oannis

263 4621 367 4678 enituit
380 4620 543 4700 lumenque
557 4619 655 4692 dedit,
677 4619 833 4702 irtacasque
849 4622 974 4679 removit
992 4687 999 4704 ἱ
