2768 5146
195 689 280 742 nrm
645 671 838 751 ‘1²0on

279 843 384 922 ltaque
397 849 464 904 tun
477 858 548 904 oum
562 840 645 924 apud
657 861 708 904 mo
720 835 865 908 ‘constitu'
878 847 1041 930 (iosippum
1055 869 1152 912 novae
1166 855 1294 936 Appen·-

194 941 271 1020 dioi,
293 963 385 1025 quam
405 945 563 1024 curabam,
585 947 724 1026 Corporis
745 945 888 1012 historiae
904 953 1088 1032 Byzantinus
1105 954 1294 1034 interserere,

192 1065 232 1105 ue
255 1045 385 1126 amplius
410 1047 449 1110 ab
471 1069 506 1110 ao
532 1049 662 1130 (lorpore
681 1061 841 1128 vagaretur
863 1049 1044 1131 disiunctus,
1066 1055 1203 1133 inprimis
1218 1061 1296 1137 opus

191 1147 269 1208 indul
282 1149 340 1208 fuit
352 1157 386 1207 ut
401 1150 466 1210 eius
478 1161 599 1212 textum
613 1153 678 1230 ipsa
692 1149 909 1232 distinguerem
924 1167 954 1216 et
972 1157 1183 1233 emendarem
1209 1172 1239 1219 at
1254 1181 1296 1220 ne

99 1291 102 1296 .
192 1253 261 1335 quis
278 1249 392 1334 allquid
405 1250 598 1330 desideraret,
619 1253 772 1314 variorum
784 1257 863 1318 uode
877 1255 1007 1316 eundem
1022 1261 1175 1335 exornavi,
1197 1263 1295 1330 lluiuii

194 1357 342 1437 prlmuiu,
374 1351 484 1414 deinde
502 1375 575 1416 vero
598 1359 785 1436 Dempstarl‚
816 1360 963 1444 Gasparls
979 1355 1111 1434 mum,
1139 1363 1295 1443 utriunque

191 1455 386 1518 llltturshusii
402 1477 437 1516 ao
450 1453 596 1533 Vouulsi13
617 1478 675 1518 neo
691 1463 912 1538 praestat-lissam
926 1479 944 1517 a
960 1461 1083 1520 (loonio
1099 1463 1294 1524 subintrodu-

191 1569 271 1638 otas,
293 1564 321 1621 si
342 1558 418 1644 quid
439 1559 590 1634 valerent,
609 1571 644 1618 ¹et
665 1580 740 1642 quas
760 1563 838 1624 forto
855 1557 949 1620 lssbet
963 1563 1106 1640 Ilirious,
1130 1561 1294 1626 dssmmodo

192 1653 336 1723 adltiouis
355 1663 392 1721 ab
411 1681 448 1722 oo
463 1661 616 1721 ooulootae
632 1653 808 1744 exemplum
821 1661 944 1746 aliquod
956 1666 1062 1745 quovis
1075 1669 1173 1744 pretio
1190 1669 1294 1750 aoqui-

194 1785 260 1828 rere
277 1766 454 1845 pousissern.
496 1775 615 1844 preater
633 1766 761 1826 eliorum
779 1778 868 1828 notus
887 1768 1014 1846 apposui
1031 1769 1122 1826 etiam
1136 1787 1240 1845 meas,
1261 1771 1294 1828 in

195 1869 305 1951 qulbus
325 1855 415 1932 laotll
435 1867 567 1947 proferto
591 1866 669 1934 milui
688 1867 796 1930 fisisset
807 1869 1022 1949 multoplures
1036 1872 1174 1934 etmulto
1191 1871 1295 1950 ropio-

196 1973 291 2032 ulores
304 1963 478 2030 eruditionis
492 1969 664 2050 manipulos
679 1983 871 2046 ooaoerrare,
892 1971 946 2032 ubi
964 1969 1003 2028 da
1018 1971 1108 2033 rebus
1122 1983 1188 2031 tum
1203 1973 1294 2035 tauris

196 2083 229 2134 at
249 2071 406 2148 uirilibus,
426 2083 493 2132 tum
511 2065 692 2138 militaribus
711 2085 741 2132 et
759 2075 864 2136 aulicis
885 2076 1040 2150 Augustos
1060 2073 1143 2133 urbis
1157 2073 1294 2152 epulatos,

195 2193 324 2258 quarum
342 2177 487 2254 Coslppus
503 2178 657 2250 meminit,
670 2193 850 2242 sennonem
864 2177 1019 2238 instltuare
1034 2173 1210 2252 plaouissstt
1240 2173 1296 2234 sed

195 2281 245 2338 oui
267 2293 329 2338 nou
348 2277 427 2336 diota
446 2295 634 2338 summorum
652 2280 787 2336 virorum
802 2297 908 2358 opera,
930 2279 979 2338 Du
990 2279 1104 2336 Fresnii
1118 2278 1296 2355 praesertim

194 2393 226 2442 et
245 2377 408 2454 namuro,
430 2378 593 2459 inquibus
616 2377 760 2461 quioquid
781 2378 822 2438 ad
844 2399 894 2439 ees
910 2381 1039 2459 pertinet
1056 2379 1295 2444 luculentinime

193 2485 366 2562 exposition
377 2481 619 2562 illustratsunque
634 2477 799 2560 reperitur‘i
843 2501 913 2542 oum
923 2493 1025 2542 autem
1035 2479 1207 2544 Iohsllenr.
1220 2481 1294 2542 Lei-

191 2585 255 2646 euti
269 2597 301 2646 ¹ot
317 2583 456 2645 loh.1ao.
472 2581 701 2646 Relekilatudio
719 2597 794 2644 mox
812 2587 904 2644 etiam
922 2585 955 2646 ln
973 2583 1114 2644 medium
1127 2580 1294 2663 pmdlarlut

191 2671 386 2750 conuentus
393 2684 673 2767 Porphyrogeuned
686 2690 760 2767 imp.
777 2689 925 2768 cpolitani
942 2687 979 2746 da
997 2685 1175 2745 Gerarsons‘ia
1188 2684 1295 2750 Aulus

192 2793 384 2872 Byzantinos
403 2791 474 2870 libri
495 2785 571 2865 duo,
595 2791 649 2848 six
663 2789 754 2870 plana
769 2789 884 2871 aliquid
896 2809 978 2851 nuno
996 2799 1131 2868 superest
1143 2785 1225 2870 quod
1238 2784 1293 2843 do-

191 2892 323 2955 sidarara
347 2894 413 2974 quis
442 2895 538 2972 possit
560 2890 599 2951 sd
621 2913 720 2952 mores
747 2891 965 2972 dignoscendos
990 2891 1077 2951 aulae
1098 2889 1294 2968 Byzantinos.

191 2995 250 3056 hos
269 2998 363 3076 igitur
383 2995 509 3076 quiaque
528 3013 583 3073 per
605 3013 638 3052 se
663 2996 818 3054 oonsulere
839 2999 950 3074 poterit
968 2996 1099 3056 Grasoae
1120 2986 1294 3050 eruditionis

191 3097 359 3175 thesauros,
381 3098 408 3158 si
423 3099 452 3156 ai
467 3115 542 3178 opus
553 3097 669 3158 libabit.
700 3099 784 3162 'satis
797 3097 875 3164 mihi
889 3119 955 3159 usse
970 3099 1054 3160 volui
1065 3105 1109 3170 ut,
1130 3111 1207 3175 quae
1219 3109 1294 3150 ooo-

192 3199 332 3262 leotando
354 3202 470 3280 primus
494 3201 527 3258 in
546 3198 634 3260 textu
656 3199 777 3282 Corlppi
797 3201 864 3261 looa
886 3199 1044 3262 emendavi
1062 3207 1150 3278 atque
1166 3192 1294 3267 rastitrri,

192 3305 227 3366 ln
249 3308 329 3364 uotis
349 3306 427 3368 ursis
448 3303 673 3380 ooulinuaram,
695 3291 845 3386 quaedem
858 3305 929 3366 lioet
942 3307 1034 3364 etiam
1049 3296 1222 3360 amditiouls
1240 3313 1294 3354 osv

129 3415 132 3420 ‘
194 3409 259 3488 pita
279 3405 433 3470 interdum
453 3408 595 3466 extulerit
614 3427 734 3466 oturens
746 3409 889 3468 colamus.
931 3427 1020 3488 porro
1032 3403 1117 3464 haesi
1129 3399 1237 3458 dubius
1251 3417 1294 3456 an

193 3507 387 3568 solummodo
409 3518 528 3568 textum
548 3493 680 3587 Corlppi‘
693 3508 887 3572 emendatum
905 3507 1026 3586 darem,
1047 3525 1087 3566 an
1101 3503 1200 3584 potius
1213 3518 1293 3581 quu-

192 3609 415 3683 temnamus,
436 3619 471 3667 ut
495 3609 552 3668 sibi
574 3611 674 3668 risum
695 3621 757 3686 est,
779 3631 820 3670 ex
838 3631 888 3671 ms
909 3610 1012 3671 oodioa
1026 3611 1107 3698 typis
1124 3605 1293 3687 expressit:

192 3710 250 3774 sed
262 3710 387 3772 tandem
399 3708 433 3772 id
446 3711 563 3770 oonsilii
576 3710 758 3791 captandum
769 3715 872 3773 oausui
883 3723 917 3773 ut
927 3723 1110 3793 praestarem
1120 3720 1294 3789 utromque,

192 3813 274 3875 uude
289 3817 357 3897 qula
374 3815 469 3893 possit
484 3832 525 3872 ex
538 3815 694 3895 utriusque
708 3825 810 3876 textus
830 3815 1005 3892 collatione,
1027 3825 1057 3880 at
1072 3831 1113 3873 ex
1127 3811 1294 3876 rmontbus

191 3937 271 3999 quse
284 3919 317 3975 in
331 3914 456 3976 adiectis
468 3917 621 3975 vusiouun
631 3919 712 3977 uotis
724 3927 949 3998 proponuntur,
976 3935 1046 3982 earu
1065 3915 1227 3975 lectionem
1240 3932 1293 3972 sa-

190 4021 246 4102 qui
267 4037 344 4101 quae
363 4019 422 4079 sibi
441 4021 559 4099 plaoeat
575 4021 684 4099 magis.
725 4022 878 4088 variorum
891 4019 1076 4088 eruditorum
1088 4028 1177 4078 notua
1192 4016 1293 4074 liuizii

191 4133 311 4186 textum
326 4123 498 4202 respiolunt,
518 4143 606 4185 meaa
621 4132 740 4182 textum
752 4141 844 4206 quern
858 4121 1052 4190 emendatum
1063 4119 1211 4202 inscripsi,
1233 4119 1292 4177 etsi

189 4228 287 4288 sentio
309 4225 409 4285 adhuo
422 4228 520 4286 multa
536 4225 642 4287 adessa
658 4245 735 4308 quae
750 4235 803 4285 aut
815 4221 963 4288 secundus
976 4244 1062 4285 ouras
1077 4233 1128 4282 aut
1141 4221 1293 4304 peritioris

190 4328 301 4389 medici
322 4348 431 4388 manus
452 4339 646 4410 exspuerant,
667 4339 702 4390 ut
718 4339 878 4404 sanentur3
899 4345 1028 4409 quorum
1041 4327 1223 4407 aliquaoum
1237 4343 1294 4402 per

190 4444 310 4512 tempus
329 4433 550 4509 subsenserim,
571 4435 604 4494 in
624 4435 704 4492 uotis
715 4430 787 4492 iude
800 4433 1008 4494 raoonoinnara
1021 4449 1082 4492 uon
1092 4427 1291 4508 praetermisi,

189 4534 222 4591 iu
237 4535 345 4614 quibua
361 4537 454 4600 aliam
468 4533 684 4616 typographico
702 4533 853 4617 quaedam
865 4543 962 4594 erran
976 4532 1104 4593 oorraxi·
1144 4531 1293 4612 quoniam

190 4653 261 4698 varo
272 4635 349 4698 haro
363 4639 485 4723 eurippi
500 4642 652 4720 oarmura,
674 4638 832 4725 quinquies
848 4637 919 4700 lioot
930 4637 1011 4720 typis
1027 4636 1193 4718 impons,
1214 4629 1294 4694 adao
