2790 5130
138 663 212 764 'aa
613 689 793 759 ‘conon

247 861 319 919 litus
334 872 508 931 annosum
529 839 602 916 tanc
615 855 748 918 tristibus
765 863 834 918 aera
848 855 970 916 turbant

248 961 385 1036 flatibus,
407 957 539 1018 adversis
555 955 725 1018 scindentes
738 960 842 1020 nubila
853 959 970 1019 flabris:

247 1065 291 1124 sic
304 1079 425 1142 campos
438 1061 516 1118 acies
530 1056 631 1120 densis
645 1063 780 1121 Romans
795 1063 920 1121 catervis

164 1167 228 1232 260
248 1166 363 1239 turbat,
385 1171 415 1222 et
432 1161 570 1220 absentes
584 1164 685 1242 pulvis
698 1165 760 1222 iam
774 1165 944 1244 comprimit
956 1159 1067 1222 laostrs.

249 1275 353 1326 cautos
365 1264 404 1323 ab
417 1261 542 1324 adversa
554 1275 722 1326 metuentes
736 1285 809 1346 rupe
825 1267 983 1344 Melangus

249 1366 341 1442 vidit3
363 1377 393 1425 et
406 1369 522 1445 ingenti
535 1367 659 1428 turbans
673 1369 802 1428 clamore
818 1366 953 1427 cohortes

249 1470 374 1529 barbara
386 1472 471 1549 signa
484 1468 576 1528 dedit.
618 1471 765 1550 paulatim
779 1471 916 1552 linquere
929 1487 1050 1550 campos

249 1571 411 1651 incipiunt,
434 1583 465 1631 et
475 1581 540 1631 tuta
553 1573 632 1632 acies
644 1593 700 1651 per
713 1582 809 1632 castra
824 1570 999 1632 recondunt.

166 1671 230 1740 265
291 1676 333 1733 At
346 1675 470 1732 veniens
484 1675 586 1749 fortis,
612 1675 739 1734 vallatus
754 1677 933 1754 stagnum,
955 1671 1060 1732 donor

250 1775 402 1835 montibus
414 1778 446 1834 in
460 1777 586 1834 summis
600 1773 750 1835 adstantes
766 1778 911 1856 conspicit
923 1774 1034 1852 hostes,

250 1879 475 1960 incolumesque
491 1897 561 1937 suos
578 1875 712 1956 gaudens
726 1881 857 1958 suscepit
875 1887 1007 1938 ovantes.

251 1979 338 2056 hinc,
359 1981 422 2038 iera
437 1997 514 2061 quae
528 1981 625 2039 saeris
641 1989 670 2038 et
686 1981 783 2040 tristia
796 1981 875 2040 bella
890 1981 1009 2060 periclis

250 2092 384 2163 gesserat
398 2083 451 2141 illa
467 2101 592 2156 manus,
614 2082 763 2157 referunt,
785 2081 947 2163 faucesque
966 2082 1138 2162 malignas.¹

166 2186 229 2250 270
249 2186 395 2266 praecipit
406 2185 472 2264 ipse
483 2186 556 2242 viris
567 2185 663 2244 fossas
677 2194 708 2242 et
722 2193 817 2244 castra
829 2184 928 2242 locare

168 2307 175 2322 ¹·
250 2285 325 2348 haut
338 2287 443 2367 procul
458 2283 584 2346 adverso
597 2289 741 2363 mainan,
764 2284 818 2346 sed
829 2287 981 2366 protinus,
1002 2282 1099 2344 hoste.

234 2467 237 2474 ,
252 2388 410 2467 perficiunt
424 2399 581 2470 praecepta
598 2390 665 2465 citi,
689 2389 873 2470 planumque
886 2408 941 2469 per
955 2407 1066 2469 aequor

253 2487 381 2549 candida
392 2509 467 2548 mox
481 2491 576 2548 niveis
590 2491 686 2570 figunt
695 2493 825 2551 tentoria
838 2489 924 2548 velis.
977 2509 978 2512 ¹

253 2587 304 2650 hio
316 2594 450 2650 Romana
463 2611 570 2651 manus
584 2595 688 2671 positis
699 2593 860 2654 fortissima
876 2591 977 2650 castris

168 2689 231 2757 275
252 2714 308 2773 per
320 2697 436 2753 varium
451 2691 587 2754 discurrit
606 2715 690 2775 opus.
733 2715 803 2775 pora
817 2713 899 2753 arma
915 2693 1032 2772 reponit

254 2795 415 2872 chalonis,
437 2807 543 2878 pensat
555 2795 709 2878 pharetras
723 2805 868 2878 'arcusque
882 2793 1022 2854 retendit.

254 2893 347 2956 ardua
362 2919 438 2980 quae
454 2900 541 2959 celsis
556 2907 722 2958 sustentent
738 2901 805 2958 vela
819 2900 975 2974 celmanis,

254 2998 358 3060 ordine
373 3001 525 3082 configunt
537 3002 629 3081 pratis
643 3001 676 3058 in
690 3001 832 3062 mollibus
848 2998 967 3074 hastan

255 3111 344 3183 atque
357 3101 451 3162 hastis
464 3105 551 3162 solite
565 3122 619 3182 per
632 3121 752 3183 campos
766 3113 849 3162 scuta
862 3102 1023 3177 reclinant3

57 3229 65 3244 ·
169 3204 232 3270 280
253 3204 419 3286 loricasque
431 3225 537 3286 graves
550 3216 580 3264 et
597 3225 687 3264 conos
701 3205 830 3284 pellibus
844 3213 948 3284 aptant

250 3311 412 3390 suppositis
421 3328 429 3384 3
439 3306 579 3388 sglmdcs
594 3318 624 3366 et
639 3317 736 3366 cetera
748 3307 811 3365 tela
827 3315 984 3387 reponunt.

253 3405 387 3487 alipedes
399 3413 521 3470 rneritos
535 3431 603 3491 pars
620 3411 712 3468 altera
729 3411 843 3489 colligit
857 3407 974 3484 ardens,
1021 3441 1022 3444 =

253 3511 364 3588 pabula
377 3523 454 3570 certa
466 3513 576 3572 lerens.
620 3514 717 3591 epulis
729 3513 811 3571 volat
824 3513 875 3570 iile
890 3507 1030 3591 parandis

187 3639 188 3642 ¹
256 3609 376 3674 doctus:
399 3620 473 3674 ains
486 3615 589 3674 locans
603 3615 731 3674 flaminis
747 3616 887 3673 alimenta
904 3616 1070 3686 ruinistrat3

172 3711 235 3780 286
254 3710 305 3772 hio
322 3711 438 3794 gelidos
451 3717 548 3775 fontes
561 3726 669 3796 puteo,
691 3719 859 3798 raptimque
870 3735 925 3796 per
935 3712 1042 3773 herbas

254 3818 392 3876 incurvos
404 3826 489 3898 parat
501 3819 554 3878 ille
566 3829 664 3894 toros,
690 3829 720 3879 et
734 3819 848 3878 fercula
861 3820 947 3898 ponit

256 3929 353 3977 comte
367 3920 442 3980 iocis
457 3931 562 4001 aptans
576 3919 702 4000 dapibus
713 3919 923 4000 inundansque
936 3921 1065 3978 liuentis.

297 4022 449 4082 illeximus
463 4026 577 4084 interea
592 4043 677 4082 ouras
690 4025 746 4082 sub
761 4034 879 4103 pectore
894 4020 999 4080 ductor

256 4123 410 4199 volvebat,
433 4123 550 4185 disemo
564 4145 704 4200 movens,
727 4135 890 4206 gentesque
904 4125 1046 4205 locosque

171 4226 236 4290 290
257 4227 448 4306 captivosque
466 4229 571 4304 simul,
590 4227 705 4287 bellurn
722 4247 796 4310 quos
810 4228 948 4307 gentibus
961 4228 1049 4288 Afros

173 4375 224 4429 258
240 4374 434 4440 acistdentesla‚
451 4375 662 4432 scindentibus?
731 4379 780 4432 261
798 4379 973 4431 ueluenlcs'l'
1037 4377 1088 4432 234
1104 4373 1273 4429 roocduotld

171 4445 225 4498 270
242 4444 357 4515 precepit
371 4445 395 4497 l'
496 4447 545 4501 271
564 4453 609 4498 aut
623 4447 649 4498 Τ
748 4445 812 4500 idid.
831 4445 959 4518 proximus
976 4447 1014 4500 Ψ
1100 4445 1152 4500 277
1168 4443 1231 4498 celis
1247 4443 1275 4496 'l'

172 4512 224 4567 285
243 4513 480 4585 puteonortatM
545 4512 607 4567 ilid.
618 4512 761 4586 raptimque
772 4516 803 4580 la,
815 4521 952 4588 raptasque
965 4515 1021 4570 ΜΤ
1087 4516 1228 4570 satanan
1241 4511 1274 4574 Ψ,

190 4589 266 4634 uncta
289 4583 312 4634 11
413 4583 475 4636 s'ls'd.
500 4581 562 4635 locis
585 4585 610 4636 'l'
711 4585 775 4638 s'lid.
798 4583 910 4638 ductetis
936 4585 961 4637 'l'
1060 4585 1113 4640 290
1134 4584 1215 4636 alitos
1240 4583 1275 4651 Τ,

174 4649 243 4702 atris
255 4649 298 4702 ll:
316 4651 350 4707 ci.
360 4649 419 4708 ³31.
437 4662 464 4707 ct
476 4651 569 4724 ubique
581 4651 638 4708 Afri
650 4659 710 4708 sunt
720 4651 899 4727 provinciales.
1189 4669 1190 4674 ¹
