2768 5146
200 683 282 732 aava
531 655 713 730 robam
735 659 985 729 PRAEFATIO:

194 839 391 908 constarent,
411 827 466 890 ubi
477 829 629 908 aaaron
639 826 819 890 haberemus
831 829 944 890 librom
955 823 976 892 4
987 835 1019 888 at
1032 827 1108 888 alios
1119 825 1228 902 libros,
1249 826 1303 910 qul

196 953 278 996 vaum
290 934 562 1016 prosequebantur:
583 934 672 992 sicuti
686 933 768 994 euim
780 931 875 990 tribus
891 931 976 992 libris
989 933 1108 1010 inlperii
1122 934 1228 991 lustini
1242 933 1304 990 ini-

206 1039 265 1113 tia,
293 1039 337 1096 aio
355 1039 446 1096 stiam
466 1033 593 1116 totidem
612 1037 800 1095 consulatum
821 1035 886 1096 uus
900 1043 931 1093 at
942 1035 975 1092 iu
988 1053 1024 1094 co
1036 1043 1121 1112 gaus
1140 1035 1305 1114 corippum

206 1139 373 1200 celebrasse
386 1136 736 1217 vehementersuspicor.
905 1149 906 1152 ’

290 1242 420 1321 dorippo
444 1240 609 1300 familiares
630 1252 715 1301 eraut
735 1259 837 1300 sacrae
857 1237 991 1314 litterae,
1014 1233 1097 1318 quod
1116 1237 1186 1296 aius¹
1199 1255 1304 1296 versus

199 1339 385 1416 ,ostardunn
410 1344 443 1400 iu
461 1345 570 1424 quibus
588 1345 675 1422 plura
690 1359 730 1400 ex
746 1344 807 1400 illis
820 1343 964 1400 imitatur.
1006 1341 1088 1399 iilius
1101 1359 1172 1399 vero
1185 1357 1240 1417 pro
1255 1358 1304 1396 re·-

205 1457 255 1504 ota
273 1441 332 1504 fide
351 1455 454 1504 contra
475 1447 523 1505 sui
541 1446 685 1526 temporis
706 1441 872 1504 haereticos
893 1441 1028 1503 studium
1043 1440 1166 1500 mirifica
1181 1449 1306 1500 testatur

206 1548 379 1628 symbolum
391 1544 478 1624 fidei,
500 1545 582 1629 quod
595 1543 760 1606 secuudum
772 1547 896 1604 Nicaeui
908 1555 939 1603 et
949 1546 1099 1624 cpolitani
1111 1545 1306 1604 conciliantia

201 1652 368 1710 consumta
388 1648 525 1709 versibus
545 1647 706 1728 diligenter
721 1667 899 1729 expressum
912 1649 1017 1708 baresii
1029 1645 1105 1722 l.4,
1127 1657 1158 1705 et
1170 1645 1306 1708 fortassis

207 1771 271 1812 uon
284 1749 376 1811 modo
389 1753 509 1812 veritati
521 1749 693 1812 Catholicae
708 1751 908 1832 obsequium
899 1761 942 1809 ata
954 1761 1105 1830 placatam
1117 1735 1230 1823 voluit,
1251 1745 1307 1808 aad

202 1856 302 1920 ‚etiam
313 1856 373 1933 ipsa
363 1853 500 1912 'lautino
515 1851 670 1934 plaudere,
688 1853 743 1933 qui
755 1853 858 1912 statim
869 1871 904 1912 ac
916 1855 1044 1933 imperio
1055 1854 1167 1934 potitus
1181 1863 1228 1910 est
1238 1847 1307 1912 edi·

183 2035 189 2040 ·
203 1967 291 2018 olum
311 1955 349 2015 de
372 1965 454 2016 recta
474 1953 535 2014 fide
544 1955 660 2036 ,quod
677 1957 827 2036 Euagrius
846 1957 951 2014 recitat
972 1955 1078 2036 (Hiar.
1104 1953 1190 2013 Boe!
1213 1954 1234 2020 5
1239 1952 1305 2036 4),

72 2088 78 2102 ·
203 2060 402 2139 Ἰοιιιιιοιίριίι,
423 2055 619 2139 hortanteque
639 2069 685 2118 est
706 2077 812 2118 omues
835 2055 876 2116 ad
896 2053 1068 2118 (latbolioaa
1086 2058 1230 2122 ecclesiae
1248 2056 1306 2118 do—

208 2163 336 2222 ctrinam
349 2173 439 2241 atque
452 2162 599 2218 unitatem
613 2158 857 2238 arnplexaudam.

293 2262 462 2324 velificatos
483 2281 549 2321 essa
571 2263 700 2340 corippo
718 2262 832 2340 primos
848 2261 935 2320 aulas
946 2262 1129 2342 Byzantiuae
1142 2265 1306 2343 ministros,
1337 2265 1345 2284 '

208 2365 402 2426 Anastasium
421 2364 599 2442 praesertim
619 2363 798 2441 magistrun
821 2373 852 2420 et
870 2375 1075 2443 quaestorem,
1096 2377 1162 2426 tum
1183 2387 1224 2427 ex
1240 2389 1308 2429 car-

208 2469 292 2528 mine
305 2467 486 2547 panegyrico
502 2465 535 2523 iu
552 2463 676 2524 laudern
688 2466 783 2543 ipsius
795 2465 962 2541 Anastaaii,
983 2477 1049 2526 tum
1066 2489 1107 2528 ex
1116 2472 1194 2532 libro
1209 2475 1308 2552 primo

210 2568 250 2630 da
271 2568 413 2630 laudibus
432 2569 541 2626 lustini
563 2567 732 2626 lucadeuter
750 2563 910 2644 discimui,
932 2569 987 2627 sed
1000 2572 1160 2631 obscurum
1174 2585 1309 2634 remanet

209 2683 313 2732 utrum
338 2669 421 2754 bisce
446 2666 537 2729 editis
563 2669 649 2729 libris
669 2668 777 2728 solatia
798 2668 974 2747 obtinuerit,
1005 2675 1115 2754 quibus
1141 2673 1308 2755 indigebat.

204 2791 284 2842 ¹uam
296 2771 335 2831 de
348 2773 451 2854 inopia
464 2791 519 2831 sua
534 2775 654 2851 saepius
666 2773 817 2853 queritur,
839 2773 872 2830 iu
886 2783 978 2854 quam
990 2795 1081 2835 aaron
1095 2777 1248 2838 laram
1260 2781 1308 2838 siu

137 2865 143 2878 ’
210 2895 244 2936 se
263 2873 405 2934 incidisse
426 2871 517 2948 dicit,
532 2875 666 2958 reticens
680 2885 783 2932 taloan
798 2893 919 2952 ceusu,
939 2875 1020 2936 unda
1037 2881 1219 2939 translucere
1233 2879 1309 2962 quid
1363 2928 1365 2932 .

210 2979 341 3058 amplius
355 2977 501 3059 potuisset
513 2974 552 3035 de
563 2978 628 3035 eius
641 2977 721 3036 ritae
733 2980 859 3040 ratione.
902 2976 1035 3058 demum,
1057 2983 1084 3041 si
1097 2984 1308 3064 Dempsterum

210 3078 332 3156 audias,
354 3089 431 3138 carta
442 3079 580 3160 officim
590 3089 646 3136 aut
659 3079 693 3136 iu
705 3077 782 3138 aula
792 3079 946 3140 ,Patrona
956 3094 1013 3142 aut
1023 3085 1057 3143 in
1064 3089 1226 3163 promiscua
1237 3110 1310 3170 ger-

209 3184 283 3242 aiaar
299 3181 418 3242 vadeno
436 3203 477 3242 ax
494 3201 524 3240 r.
539 3179 580 3245 48
599 3183 748 3261 panegyr.
763 3183 797 3239 in
815 3180 938 3242 laudem
958 3187 1124 3264 Anasusii3
1150 3190 1233 3271 quod
1250 3211 1308 3271 ago

206 3295 315 3344 *nmen
334 3285 507 3345 nuliatenus
527 3281 635 3359 rideo,
656 3294 691 3342 nt
710 3287 743 3342 iu
760 3287 840 3345 notis
858 3283 898 3344 ad
916 3307 986 3346 eum
1003 3289 1104 3350 locum
1117 3294 1308 3370 patefaciam.

212 3397 330 3464 praeter
341 3385 418 3446 baec
430 3385 508 3446 nibil
520 3384 604 3446 aliud
619 3387 653 3444 in
666 3397 807 3466 promptu
817 3383 925 3463 habeo,
947 3389 1030 3469 quod
1043 3389 1082 3451 da
1092 3394 1139 3454 1³1.
1148 3395 1308 3460 Cresconic

137 3499 140 3508 ·
211 3487 341 3570 Corippo
354 3490 496 3550 atticam
508 3489 703 3570 grammatico
717 3507 960 3552 commemorem.
