2806 5160
413 673 473 741 ns
497 673 706 743 crunnus
730 673 900 742 rusrnr.
1137 673 1213 748 409
1316 649 1323 664 '

190 837 242 907 ro„
285 836 418 900 sardoma
436 843 457 903 7
483 841 541 904 12:
560 841 854 924 -seosaesrnqsr,
873 861 920 898 a
942 813 1061 900 misae
1081 847 1213 902 aaran

105 927 226 984 vocati:
246 924 285 983 de
298 926 469 984 emerim
480 926 607 984 Levitae
619 929 813 997 esuriisset,
827 948 847 984 a
865 925 976 1006 quadus
993 930 1027 984 in
1041 929 1150 1006 templo
1163 929 1214 988 dei

106 1013 226 1089 mystici
250 1013 433 1070 εαονωιιεηέί
455 1013 595 1090 nsystsria
620 1011 825 1091 explebantur.
871 1009 905 1070 hi
933 1013 1046 1070 Graece
1077 1015 1212 1088 decom,

107 1098 215 1155 Latine
237 1097 370 1155 mmmtrs'
394 1094 559 1172 dicunturp
579 1101 665 1180 quia,
694 1100 771 1156 siout
790 1099 823 1154 in
844 1097 995 1156 sacerdote
1014 1102 1212 1171 consecratae,

107 1183 150 1240 ita
165 1183 197 1239 in
211 1179 337 1240 deheom
351 1183 508 1240 nameus
518 1183 700 1263 desponsatio
711 1180 849 1241 habetur.
892 1185 988 1241 ilrrr.
1101 1203 1103 1210 ’

193 1264 244 1330 43.
262 1286 264 1290 ·
288 1269 442 1348 virgineus
462 1278 545 1326 tonat
563 1269 634 1326 inde
647 1269 771 1347 chorus]
793 1271 854 1330 sris
871 1271 1025 1350 γυναικοῖν
1036 1271 1094 1344 ,τῆς
1107 1269 1214 1349 κλίνης

106 1347 295 1431 ήφουμὲνων
316 1353 367 1416 nul
388 1357 774 1431 uallwooivlustinianus
797 1372 933 1434 quoque,
956 1355 1040 1436 qrrius
1060 1351 1109 1411 hic
1122 1374 1215 1412 exse-

108 1439 197 1517 quiae
217 1434 380 1511 ducuntur,
402 1440 541 1497 meminit
556 1443 632 1498 Nor.
647 1443 699 1503 59.
743 1437 798 1498 sed
818 1459 870 1497 cur
889 1439 1016 1518 hymnos
1032 1449 1061 1495 et
1074 1439 1215 1516 psalmo·

108 1521 177 1580 dias
191 1521 348 1582 funeribus
363 1521 548 1599 Christiani,
564 1535 600 1582 ut
611 1522 762 1604 hodieque
777 1525 920 1598 fauhons,
943 1523 1141 1582 accinebantl
1163 1527 1214 1582 ni-

107 1608 219 1666 mirmn
237 1619 272 1667 ut
282 1611 402 1688 'gratias
418 1608 475 1668 deo
491 1619 627 1688 agerent,
650 1609 732 1690 quod
747 1619 816 1668 euin
832 1613 884 1690 qui
899 1631 916 1668 e
931 1613 994 1668 vite
1008 1611 1137 1667 excessit
1151 1612 1214 1668 iarn

109 1709 127 1749 a
149 1691 304 1752 laboribus
321 1695 471 1768 liberarit,
495 1694 577 1776 quod
597 1705 682 1754 metu
694 1699 801 1754 mortis
815 1706 1089 1754 exemtumsecum
1102 1691 1214 1756 habeat

49 1837 51 1840 .
108 1777 301 1838 immarcibili
317 1790 474 1839 amaturus
489 1801 610 1838 corone.
654 1779 755 1839 docuit
769 1779 898 1839 uoshoc
912 1797 1047 1860 quoque,
1071 1790 1104 1838 ut
1117 1782 1213 1838 multa

109 1863 184 1936 alia,
206 1864 238 1922 S.
257 1862 461 1945 Chrysostorn.
480 1863 586 1924 homil.
600 1866 620 1930 4
636 1865 676 1924 ad
690 1867 783 1923 Hebr.
825 1885 882 1924 neo
903 1864 1021 1922 dubitat
1039 1873 1160 1924 sauctm
1182 1875 1213 1926 et

109 1951 304 2027 gravissimus
319 1961 419 2010 orator
433 1951 582 2009 affirmare
601 1950 691 2009 deum
708 1954 810 2030 ipsum
822 1948 994 2010 istiusmodi
1010 1953 1097 2029 quasi
1110 1953 1213 2012 muni-

109 2044 212 2092 menta
231 2034 433 2094 humanorum
457 2040 627 2096 animorum
647 2040 834 2095 exstruxisse
858 2034 934 2116 (hoo
951 2037 1032 2092 enim
1046 2045 1090 2093 est
1103 2033 1213 2098 Ιπιτει-

109 2119 207 2200 χίσαι,
230 2139 290 2201 quo
307 2122 399 2179 verbo
414 2119 643 2200 chrysostomus
660 2121 774 2200 utitur)
795 2120 833 2178 ad
851 2139 1024 2200 perversam
1038 2121 1123 2178 illam
1140 2139 1214 2178 oon-

110 2205 302 2264 suetudinem
318 2204 484 2286 plangendi
502 2217 532 2264 et
543 2218 690 2273 *mortuos
706 2207 906 2266 insolabiliter
928 2205 1052 2284 lugendi
1068 2217 1214 2264 everten-

111 2287 192 2348 dam.
235 2293 321 2371 plura
336 2290 405 2350 ride
421 2290 502 2371 apud
517 2291 711 2352 Kirchmann.
727 2291 764 2350 de
779 2293 843 2351 fun.
862 2295 983 2354 Rorm2
1004 2296 1034 2354 6.
1077 2293 1171 2350 Rrrr.

118 2397 119 2426 2
172 2373 247 2438 44.
291 2379 352 2434 ritu
371 2378 466 2456 nivis]
493 2399 527 2436 eo
547 2382 692 2457 pertinet,
716 2375 797 2458 quod
814 2380 915 2436 omnia
936 2377 1055 2455 copiose
1071 2379 1215 2454 ingruen-

110 2461 152 2518 tia
169 2462 248 2522 nivis
267 2463 467 2542 appellatione
491 2475 632 2522 censeant
655 2475 800 2522 auctores.
844 2465 974 2521 Serenus
993 2460 1216 2521 Euteleiohius:

111 2565 204 2626 quam
218 2549 317 2606 densis
320 2549 454 2624 fluitant
465 2549 622 2606 velleribus
634 2552 730 2620 nives,
747 2560 810 2604 tom
824 2547 943 2604 crebrae
952 2547 1106 2624 pecudum
1119 2567 1215 2607 nesea.

110 2633 236 2690 Baarn.
281 2636 324 2690 sic
338 2631 454 2693 infr-sd
480 2637 535 2694 122
558 2653 639 2691 mors
653 2635 744 2691 ηἱνίε.
769 2635 917 2710 Homerus
934 2629 1008 2709 χιών
1024 2627 1075 2703 ὥς.
1097 2635 1192 2692 ll1rr.

199 2715 250 2779 45.
294 2713 334 2772 ad
344 2735 461 2773 morem
473 2726 610 2774 vetennn
625 2719 746 2796 respicit
757 2717 897 2776 lacrimas
911 2717 1047 2776 vestibus
1060 2715 1217 2796 excipien-
1334 2715 1335 2718 ’

112 2801 206 2876 tium,
228 2810 262 2859 ut
276 2801 384 2878 ingens
401 2799 514 2857 flumen
531 2821 634 2859 earum
648 2801 810 2860 rideretur.
853 2801 992 2861 meminit
1006 2819 1096 2879 supra
1111 2803 1217 2880 eurip-

112 2904 187 2964 pus3
211 2896 241 2942 et
260 2896 329 2943 sunt
352 2885 500 2963 exempla
513 2887 546 2943 in
562 2884 668 2944 0ridio
684 2897 714 2944 et
727 2887 893 2964 Propertio.
913 2888 1038 2944 Banrn.
1076 2889 1219 2962 proprio·
1285 2893 1290 2910 ’

114 2990 173 3050 que
186 2971 336 3050 insonte]
360 2969 626 3047 elegantissimum.
671 2982 705 3028 ut
723 2972 878 3029 Cornelius
896 2971 1039 3044 Severus,
1063 2973 1125 3029 sive
1141 2973 1217 3030 alius

114 3059 183 3135 quis
196 3059 311 3113 Aetnae
326 3064 444 3113 auctor:
466 3057 530 3133 ipse
544 3057 717 3133 saoflueret
730 3055 874 3114 Bacchus
881 3053 972 3132 pede.
1015 3057 1141 3118 Baarn.
1179 3099 1180 3106 .

199 3139 251 3203 46.
295 3139 463 3218 madentes]
485 3150 571 3220 turpe
594 3139 754 3214 mendum,
781 3139 863 3221 quod
885 3142 956 3199 licet
977 3152 1219 3200 contraversum

115 3241 177 3281 non
190 3234 285 3298 esset,
309 3243 379 3282 cum
392 3243 493 3282 rerum
507 3236 610 3285 temen
623 3236 727 3284 natu-rs
741 3229 807 3304 ipsa
819 3236 982 3305 pugnaret:
1005 3229 1032 3284 si
1046 3228 1127 3284 euim
1138 3223 1217 3286 nihil

115 3308 199 3366 aliud
209 3329 307 3391 'quam
320 3307 507 3368 maduissent
521 3313 610 3386 ocull,
632 3313 818 3391 impossibile
830 3313 937 3370 fuisset
952 3312 1026 3369 alias
1039 3331 1088 3376 res,
1099 3322 1132 3370 ut
1144 3331 1217 3390 pos-

116 3405 183 3453 sent
201 3397 309 3474 rigare.
354 3394 409 3454 sed
428 3407 512 3454 extra
530 3399 762 3456 controversiam
783 3407 828 3455 est
847 3395 1039 3455 scribendum
1053 3405 1214 3454 manenter.

115 3497 172 3538 nec
196 3481 472 3540 animadverterunt
495 3493 597 3541 tamen
618 3481 765 3540 mendum
783 3492 852 3541 tarn
863 3499 1018 3556 crassum,
1036 3485 1088 3562 qui
1105 3491 1218 3540 sumet

116 3565 192 3624 alios
209 3574 313 3646 poetas
333 3572 554 3627 commentariis
571 3581 717 3627 exornare
735 3569 902 3626 voluerunt.
925 3570 1050 3626 Bessa.
1094 3567 1220 3646 legeba-

115 3659 166 3708 tur
187 3671 344 3731 perperam
365 3653 527 3712 modentes.
574 3652 628 3713 sed
648 3673 738 3712 nemo
755 3673 822 3712 ,non
842 3651 925 3712 ridet
939 3663 1135 3712 rectumesse
1150 3642 1220 3710 ἷιια-

116 3746 238 3809 nanim
263 3736 345 3818 quod
361 3737 582 3798 Kirchmannus
595 3759 723 3821 quoque
737 3741 908 3818 agnoscit2
932 3739 990 3812 11,
1012 3739 1065 3796 ubi
1076 3736 1158 3825 huuc
1170 3739 1220 3796 lo·

116 3841 186 3880 cmn
204 3823 325 3901 allegat.
361 3825 462 3882 atur.
511 3887 512 3890 Ἴ
940 3885 942 3892 ,

202 3906 254 3970 47.
297 3918 407 3966 matres
426 3909 556 3967 feminae
579 3911 684 3968 aetatis
699 3909 910 3988 provectioris,
940 3906 1043 3988 quales
1063 3916 1221 3986 praeerant

115 3992 181 4050 fere
198 3993 377 4072 planctibus.
420 3991 601 4053 Prudentius
614 3993 729 4074 hymno
746 3995 915 4074 exsequiali
928 3994 1019 4070 longe
1038 3993 1091 4052 illo
1108 3991 1221 4058 dulcis-
1314 4065 1317 4072 ι

117 4080 213 4137 simo:
236 4080 299 4136 ιἀηι
315 4090 430 4136 mesta
449 4081 565 4158 quiesce
584 4081 719 4158 querelas,
740 4079 885 4138 lacrimae
905 4077 1078 4156 arrependite
1098 4088 1218 4136 matres.

116 4165 210 4222 emis
224 4167 316 4222 etiam
330 4165 438 4222 solutio
455 4167 554 4222 luctus
566 4164 724 4226 iudicium.
768 4174 985 4224 commentator
1005 4164 1175 4222 Germanici
1189 4163 1222 4218 in

117 4250 293 4329 Cassiopea,
325 4249 406 4308 urrds
426 4260 455 4306 et
474 4250 564 4308 illum
579 4249 734 4310 dissolutis
750 4248 883 4308 arietibus
899 4259 1028 4326 propter
1042 4249 1158 4306 luctum
1179 4247 1223 4302 ire

116 4347 265 4392 emenus.
297 4334 391 4393 Cebes
404 4335 436 4393 in
452 4335 570 4394 tabula:
592 4335 615 4415 ἡ
628 4331 684 4410 seir
697 4337 800 4416 τρίχας
813 4333 952 4398 slllovos
967 4333 1076 4412 ἑαυτῆς
1090 4335 1223 4396 καλεῖται

115 4413 222 4498 ὀδύνη.
265 4422 390 4478 Bearn.
439 4431 442 4438 ’
563 4471 564 4478 ,
630 4435 632 4440 ·
846 4469 847 4472 ,

201 4507 254 4568 49.
297 4505 336 4564 cb
350 4507 492 4566 iniuriam
506 4505 595 4564 facile
607 4503 805 4568 inferendam.
821 4523 839 4564 a
863 4503 950 4572 turba
967 4503 999 4559 in
1015 4499 1135 4578 magnis
1151 4499 1221 4578 qui-

116 4591 233 4671 busque
247 4593 367 4671 pompis
380 4592 530 4650 femineus
542 4611 634 4668 sexus
648 4601 815 4670 spectatum
830 4587 1035 4648 destinabatur
1052 4587 1085 4643 in
1099 4585 1221 4650 altiores

118 4675 240 4736 aedium
252 4687 363 4757 partes.
405 4678 551 4738 Martialis
568 4679 609 4742 10
631 4680 669 4742 6:
703 4687 731 4735 et
752 4677 849 4736 omum
866 4669 1001 4753 florebat
1021 4672 1116 4734 Latia
1138 4668 1222 4729 culto
1258 4681 1280 4720 ⁴
