2834 5138
205 717 277 791 130
538 791 541 800 y
666 707 836 794 GORlPPl

286 882 400 942 altenis
417 874 456 936 tle
472 883 557 958 parte
571 874 669 952 ciens,
698 893 776 957 quae
789 883 891 934 nostra
903 869 1008 934 fideles

222 984 265 1052 65
285 983 408 1044 foedera
421 999 541 1059 semper
555 975 679 1036 habent.
721 974 777 1036 hes
793 977 883 1035 motis
898 977 1038 1056 praecipe
1051 975 1154 1036 cannis

285 1098 316 1145 et
330 1084 423 1164 signis
436 1102 468 1141 se
483 1079 597 1160 aperire
611 1078 686 1138 stris.
727 1081 878 1137 exercitus
892 1079 990 1138 omaus

286 1189 465 1248 conveniens
478 1183 522 1241 sic
533 1191 615 1240 tutus
627 1181 699 1256 erit,
720 1179 839 1238 venalia
855 1183 968 1261 quippe

285 1289 441 1348 inveniens
458 1301 655 1365 quaecunque
667 1281 766 1341 volet:
788 1283 927 1361 pecuaria
938 1299 1041 1342 secum

286 1391 382 1450 multa
395 1383 518 1468 trahunt
532 1396 648 1463 gentes.
690 1385 811 1444 venient
827 1383 866 1442 ad
880 1385 968 1444 litora
980 1402 1107 1463 puppas,

221 1499 265 1564 70
285 1505 315 1554 et
328 1495 467 1570 (levarem
479 1484 690 1570 Bacchumque
702 1487 816 1546 ferent:
837 1489 899 1546 iam
912 1496 1031 1568 tempus
1044 1493 1177 1565 apertum

284 1573 511 1676 aequor'habet.
554 1607 678 1670 quassas
691 1589 871 1668 reparabunt
885 1590 1005 1668 agmina
1020 1589 1117 1665 vires,

283 1697 454 1774 oblitaeqne
468 1703 566 1751 metus
580 1692 765 1768 renovabunt
777 1690 892 1772 proelia
903 1673 1056 1749 turmae.”

324 1796 493 1858 (tonsillam
504 1793 618 1876 placuit
629 1811 638 1868 3
651 1791 773 1874 fidique
787 1795 930 1871 magister
943 1792 1033 1852 asuici

283 1902 397 1984 optima
405 1896 490 1980 1ιῙίοιιι
503 1908 608 1956 tenens
622 1895 734 1956 celeres
746 1893 1057 1956 mansdataministros

223 2005 266 2072 76
286 2004 363 2062 ferre
377 2000 460 2059 iubet
472 1999 596 2060 cunctis.
635 1999 758 2078 sonipes
772 1996 910 2056 discurrit
924 1997 1035 2078 ubique

285 2103 415 2166 ductoris
426 2111 584 2182 praecepta
598 2100 716 2177 ferens,
736 2111 1046 2180 gentesquesuosqne

285 2205 514 2288 praecipitanter
527 2211 630 2280 agttnt.
672 2203 774 2262 nullan
786 2222 842 2281 per
856 2201 935 2262 bella
949 2202 1086 2280 repulsus

283 2309 328 2368 sic
340 2305 437 2386 potuit
452 2301 594 2362 renovare
608 2303 688 2362 celer
699 2304 763 2364 fera
774 2305 888 2384 proelia
901 2300 1023 2378 ductor,
1074 2355 1077 2362 .

284 2408 382 2490 quivit
394 2415 427 2464 ut
444 2403 582 2482 egregius
594 2405 731 2484 vigilanti
744 2403 832 2464 corde
847 2403 1018 2476 intumos,

220 2513 263 2578 80
284 2528 346 2568 non
360 2507 448 2566 illum
461 2506 580 2592 fontana
592 2509 673 2586 prior
687 2509 820 2566 Mavorte
834 2503 965 2566 secundo
987 2561 988 2564 ,

283 2611 420 2674 inflatum
436 2610 552 2685 evexit,
574 2629 631 2668 nec
646 2619 718 2670 tunc
734 2611 880 2670 contraria
895 2607 1001 2688 fregit,

282 2715 443 2776 immotum
456 2711 565 2794 virtute
579 2729 644 2778 sua.
685 2713 749 2771 iam
763 2708 880 2782 macida
896 2729 1020 2790 surgens

281 2817 399 2877 Oceano
412 2809 527 2891 gelidas
537 2813 653 2872 Aurora
665 2825 830 2874 removerat
843 2814 976 2872 tunbras.

283 2913 388 2976 ductor
400 2925 434 2974 ut
449 2915 600 2974 albentem
616 2911 692 2972 vidit
704 2934 882 2994 consurgere
895 2917 1014 2988 lucem,
1184 2987 1187 2996 ¹

218 3020 261 3088 86
281 3019 453 3104 lavitaqnis
466 3018 661 3098 geminasque
674 3035 782 3078 manus
796 3017 957 3098 vultusque
969 3021 1106 3095 gerentes

281 3121 404 3202 pulvere
419 3128 570 3178 concretae
583 3116 722 3176 hesterno
738 3119 833 3177 Marte
849 3121 992 3201 capillos3

281 3225 434 3302 oravitque
447 3220 546 3300 ferens
559 3220 669 3300 palmia
683 3217 758 3278 haec
770 3220 861 3279 verba
874 3222 1001 3300 supinis.

278 3317 494 3410 “omnipotens
508 3325 643 3402 genitor,
664 3324 758 3382 virtus
771 3334 802 3383 et
815 3315 910 3404 gto'ria
922 3341 1037 3398 renam,

281 3435 361 3486 certa
373 3423 454 3486 salua
469 3422 635 3504 mundique
648 3433 746 3502 sator,
775 3428 829 3506 qui
844 3423 965 3485 foedere
982 3435 1062 3484 certo

217 3527 262 3592 90
281 3528 382 3586 omnia
394 3523 556 3603 disponam
567 3527 718 3606 venisque
732 3529 869 3608 regisque
880 3526 1040 3604 movendo,

281 3637 416 3707 tempora
432 3637 601 3706 permutas,
621 3648 677 3686 nec
691 3637 724 3686 tu
736 3630 860 3690 mutaris
875 3631 908 3688 in
919 3631 999 3705 illis3
1038 3697 1039 3700 Ἴ

282 3737 421 3811 quattuor
437 3729 613 3806 explicitum
630 3729 753 3790 volvens
768 3733 952 3792 successibus
967 3750 1096 3806 mnam,

281 3831 466 3909 bissenisque
482 3827 563 3886 diem
576 3829 717 3892 claudens
729 3811 904 3914 aequalibus
920 3830 1019 3910 horis,

281 3927 386 3988 ordine
400 3929 507 3989 cunc'ta
517 3949 628 4008 novas,
652 3953 709 3992 neo
725 3945 758 3994 tn
771 3935 921 4018 renovaris
937 3935 974 3993 ab
989 3935 1069 4010 ullo,

218 4031 260 4098 96
278 4029 361 4090 idem
375 4042 477 4091 auctor
490 4030 688 4120 dominusque
702 4056 828 4098 manens
839 4047 868 4095 et
880 4034 1016 4118 conditor
1027 4037 1118 4096 orbis.

281 4129 387 4208 credo,
404 4153 521 4196 summe
534 4146 633 4216 pater,
655 4147 707 4196 tua
718 4140 757 4197 sit
768 4137 849 4218 quod
862 4158 971 4218 magna
983 4149 1127 4217 potestas,

282 4244 313 4292 et
325 4234 430 4296 fateor.
473 4240 599 4298 misem
614 4249 718 4317 gentes
734 4259 788 4298 sna
801 4225 931 4320 pessima
947 4241 1072 4299 fallant·

198 4397 204 4406 ,
281 4337 406 4398 numina
418 4357 495 4422 quae
512 4339 648 4401 credunt·
689 4344 836 4422 permittis
853 4363 943 4424 saepe
956 4343 1077 4422 probari

197 4519 233 4574 66
247 4535 276 4574 te
287 4521 351 4576 odel.
362 4520 394 4576 ll
504 4523 569 4578 tttt.
586 4525 667 4579 annis
681 4525 706 4578 Τ
817 4527 850 4582 81
869 4521 957 4582 exerit
966 4543 1014 4581 neo
1024 4531 1085 4580 turc
1099 4527 1135 4593 Τ,
1153 4525 1237 4580 erexit
1248 4539 1299 4578 nac

197 4603 264 4642 nunc
276 4589 306 4642 tt
404 4591 440 4646 83
455 4591 591 4650 occinit*
690 4593 755 4648 ibid.
773 4597 980 4652 renouauerati'
1080 4597 1117 4652 86
1133 4595 1258 4652 cisterno
1272 4595 1299 4651 '1'

196 4655 232 4713 97
248 4659 339 4714 tutam
351 4661 390 4729 Τ,
406 4660 499 4717 tutan
509 4661 543 4718 tt
560 4735 565 4744 ι
616 4733 617 4740 ¹
640 4665 676 4722 98
692 4662 806 4738 probare
818 4666 850 4723 Τ.
