2768 5174
409 708 468 776 DE
493 705 701 780 Ltuotuus
725 706 895 776 lustau.
1129 707 1204 784 349

104 891 152 940 tur
171 875 352 960 quadrigae,
376 895 491 952 carcer,
514 893 575 957 quo
594 873 774 951 tendebant,
797 886 880 934 mete
898 871 1068 955 dicebatur;
1091 873 1129 938 de
1145 897 1204 960 qua

104 987 135 1024 re
147 967 232 1044 pleni
247 975 317 1024 sunt
332 963 421 1037 libri,
445 964 499 1042 qui
515 963 717 1021 consulantur.
759 963 902 1021 Darassa.

139 1087 140 1090 ¹
189 1053 261 1114 332.
305 1047 657 1126 exVirg·Aen·6154.
699 1058 784 1106 notes
808 1059 909 1105 autem
930 1046 1023 1106 velim
1043 1048 1207 1128 Corippum

104 1145 201 1196 metas
213 1133 312 1194 dicere
327 1151 423 1214 aequo
438 1135 517 1191 inter
530 1151 563 1190 se
579 1130 751 1192 discrimine
767 1131 927 1207 distantes,
956 1136 1027 1212 quia
1040 1133 1207 1194 secundmn

16 1211 22 1224 ’
106 1220 254 1304 quasdam
269 1218 513 1279 architectonicas
526 1221 656 1278 rationes
668 1217 746 1278 illud
761 1220 963 1292 statuebatur,
985 1239 1024 1277 ne
1039 1221 1208 1280 tumultuo-

107 1328 158 1367 sus
179 1306 263 1364 fieret
282 1323 427 1387 equorum
448 1324 550 1364 cursus
565 1307 591 1366 si
603 1304 724 1363 brevius
745 1305 840 1379 foret,
863 1315 893 1363 et
909 1307 936 1364 si
953 1305 1074 1384 longius
1086 1325 1125 1362 ne
1138 1308 1208 1386 equi

107 1395 236 1450 nimium
258 1388 510 1469 defatigarentur‚
533 1398 563 1447 et
583 1410 623 1448 ne
645 1391 747 1470 eliqua
767 1393 799 1448 in
820 1401 905 1470 parte
927 1391 1006 1450 Circi
1028 1400 1208 1468 spectatores

107 1480 203 1538 oculis
225 1481 312 1558 sequi
332 1479 491 1557 nequirent
511 1478 648 1554 aurigas,
670 1476 780 1557 quibus
803 1473 903 1536 studia
916 1477 949 1534 in
964 1477 1110 1536 contraria
1125 1477 1210 1536 scissi

106 1564 257 1623 favebant.
300 1565 399 1621 Foco.
444 1612 446 1616 .

102 1699 106 1706 .
193 1646 266 1714 334.
308 1649 452 1709 libentius
475 1648 609 1728 referunt
629 1667 722 1728 quam
738 1647 872 1728 'reseram
891 1648 924 1705 in
946 1643 1004 1705 hoc
1020 1665 1109 1704 versu
1124 1645 1210 1724 lege·
1277 1677 1278 1682 κ

108 1751 183 1796 rem'
227 1745 358 1792 ceterum
381 1738 496 1812 primus
518 1737 657 1808 inuentor
678 1731 906 1814 quadrigarum,
931 1734 1014 1791 caius
1028 1751 1138 1791 nomen
1155 1729 1210 1790 de-

109 1832 169 1893 est,
191 1819 328 1890 Ciceroni
342 1819 396 1878 tib.
410 1826 430 1885 3
445 1819 483 1878 de
496 1829 603 1878 natura
614 1818 740 1878 deorum
754 1821 888 1878 Minerva
902 1816 1021 1876 videtur
1036 1838 1117 1891 esse,
1140 1819 1210 1875 Vir-

109 1907 182 1984 gilio
197 1907 218 1968 3
233 1907 353 1983 Georg,
374 1923 493 1965 necnon
507 1917 536 1964 et
545 1907 654 1980 Plinio,
675 1903 900 1978 Erichthonius,
921 1905 1052 1962 Eusebio
1067 1906 1099 1960 in
1113 1900 1210 1960 Chro-

108 1993 176 2048 nico
189 1991 330 2070 Arogilus
344 2000 396 2048 aut
410 1993 585 2071 Proolytus:
604 2010 676 2050 narn
688 2001 815 2072 utroque
828 1989 919 2049 modo
935 1990 1045 2066 legitur
1056 1991 1087 2044 in
1104 2007 1211 2046 exem-

109 2075 243 2156 plaribus
259 2096 325 2151 ms,
347 2085 381 2134 ut
396 2080 428 2135 iu
444 2079 511 2136 aliis
526 2075 633 2136 Isidori
649 2078 741 2135 etiam
758 2075 897 2134 chronici
911 2075 1072 2153 Procyclus
1090 2085 1119 2132 et
1134 2075 1211 2131 Pro-

111 2161 216 2236 ciolus.
260 2164 334 2241 quin
355 2172 385 2219 et
404 2163 543 2222 Revisius
564 2165 682 2221 Textor
695 2165 727 2219 in
742 2163 867 2221 officina
882 2180 935 2219 sua
950 2160 1122 2238 Tregillum
1139 2157 1213 2216 facit

107 2257 140 2304 ,et
151 2248 299 2305 nominat.
335 2257 419 2306 tanta
436 2251 540 2328 utique
558 2259 603 2306 est
616 2250 706 2306 unius
723 2249 855 2306 nominis
870 2247 999 2306 varietas
1016 2246 1054 2304 ob
1069 2247 1215 2325 ignorau-

110 2334 185 2390 tiam
198 2329 469 2394 somnolentiemre
483 2334 685 2393 librariorum.
728 2336 821 2392 Rurz.

104 2465 106 2470 .
195 2417 236 2476 ib.
282 2419 429 2499 reseram]
459 2420 568 2478 lacuna
589 2417 640 2479 hic
661 2429 725 2477 erat
746 2421 894 2478 asteriscis
914 2427 1026 2478 notata.
1077 2418 1217 2497 supplevi

110 2503 172 2564 sic:
199 2504 388 2583 Cecropidem
401 2506 541 2585 reseram.
578 2509 652 2564 ratio
668 2505 902 2564 manifestaret:
924 2523 997 2562 uam
1012 2505 1140 2582 Cecrops
1152 2505 1217 2582 pri-

110 2609 179 2647 mus
202 2588 435 2650 Atheniensium
459 2610 531 2667 rex,
555 2594 603 2649 cui
626 2593 757 2650 cranaus
782 2593 940 2664 successit,
963 2592 1016 2670 qui
1033 2590 1070 2648 ab
1086 2587 1218 2668 Amphi-

112 2685 220 2752 ctyone
247 2694 340 2750 regno
369 2678 401 2734 vi
427 2678 593 2752 expulsus3
631 2688 755 2754 quartus
779 2675 889 2734 deinde
914 2695 971 2732 rex
992 2672 1219 2732 Erichthonius.

5 2775 9 2786 ¹
111 2761 241 2816 Pensan.
262 2761 353 2814 Attic.
397 2757 447 2816 hic
468 2760 601 2818 Vulcano
623 2769 655 2816 et
673 2761 809 2818 Minerva
830 2761 967 2840 genitus,
990 2779 1045 2816 seu
1067 2761 1166 2817 verius
1185 2763 1220 2816 in

90 2865 92 2870 ·
112 2853 223 2902 terram
238 2841 333 2902 effuso
349 2861 366 2900 a
380 2844 514 2903 Vulcano
530 2847 657 2902 semine.
688 2843 849 2922 Euripides
865 2849 951 2924 Ione,
981 2844 1115 2902 Iulianus
1133 2845 1219 2921 prin-

114 2945 201 3006 ceps:
224 2921 322 3006 μήτηρ
341 2921 437 3006 νόσφι
456 2922 569 3004 τόκων,
590 2923 699 3008 νύμφη
713 2922 808 3005 νόσφι
819 2929 935 3010 γάμων.
980 2926 1123 2986 educatus
1140 2929 1219 2986 elam

113 3032 132 3070 a
151 3013 286 3070 Minerva
306 3013 339 3069 in
359 3015 433 3070 cista
454 3011 548 3092 pedes
568 3011 674 3072 habuit
692 3017 895 3093 serpentinos,
917 3023 951 3072 ut
965 3016 1067 3072 rehtlit
1079 3015 1219 3092 Hyginus

113 3100 235 3156 Astron.
249 3103 329 3176 potet.
344 3099 378 3154 in
392 3097 531 3178 Auriga;
554 3109 588 3157 ut
605 3118 668 3157 non
691 3112 796 3178 putem
816 3101 897 3158 male
912 3100 975 3177 legi
990 3097 1041 3157 hic
1054 3119 1143 3179 posse
1159 3120 1219 3156 an-
1303 3163 1307 3172 .

111 3183 275 3263 grimedcm
290 3182 433 3260 reseram,
455 3194 489 3242 ut
505 3186 602 3262 prima
615 3185 704 3244 lectio
717 3186 818 3263 legem
830 3187 924 3244 fuisse
939 3185 1101 3263 significet,
1124 3185 1218 3243 altera

115 3267 300 3326 educationis
319 3266 489 3330 admoneat.
531 3269 585 3328 ille
604 3289 675 3328 vero
695 3270 740 3328 ad
751 3271 865 3348 pedum
881 3272 1098 3350 deflrrmitatem
1111 3270 1219 3330 celan-

115 3353 189 3412 dam
204 3355 326 3432 primus
342 3353 525 3433 quadrigam
544 3358 669 3414 invenit.
714 3358 794 3413 Plin.
814 3362 835 3422 7
858 3356 916 3433 56,
944 3367 973 3415 et
993 3376 1033 3416 ex
1053 3377 1089 3416 eo
1110 3355 1218 3416 Isidos.

117 3442 157 3504 18
179 3440 230 3516 34,
253 3441 359 3518 virgil.
375 3442 484 3518 Georg.
500 3445 538 3506 3:
558 3443 676 3519 primus
689 3441 905 3500 Erichthonium
918 3463 1024 3502 currite
1037 3451 1221 3523 etquattuor

115 3546 209 3582 araus
232 3526 357 3605 iungere
382 3547 482 3605 equos.
514 3527 656 3586 Denrsr.
710 3528 818 3586 lacuna
840 3530 883 3587 sic
904 3531 1017 3608 optime
1041 3529 1218 3608 expleatur:

116 3611 192 3688 quid
207 3611 337 3689 reseram
351 3611 557 3670 Oenomaum.
603 3633 675 3671 nam
698 3614 877 3692 Cecropidum
899 3617 990 3674 nimis
1013 3615 1154 3694 generale
1175 3624 1221 3673 est

117 3704 148 3752 et
162 3694 282 3772 longius
294 3700 432 3774 petitum,
456 3697 539 3778 quod
551 3699 666 3778 placuit
680 3698 881 3760 eruditissimo
894 3702 1083 3780 Dempstero.
1123 3701 1222 3758 Oeno-

118 3799 223 3836 maum
240 3779 369 3859 ¹¹quidem
390 3785 485 3842 voluit
507 3793 536 3842 et
558 3785 758 3862 Savaronius,
779 3789 827 3845 tir
849 3789 882 3844 in
900 3787 1011 3846 talibus
1027 3775 1221 3866 scriptorflus

118 3865 267 3945 plurimae
282 3865 436 3942 lectionis;
460 3867 514 3927 sed
525 3865 560 3931 ro*
576 3871 654 3949 quid
668 3874 760 3930 etiam
774 3875 977 3931 necessarium
996 3883 1057 3932 est:
1079 3892 1151 3930 nam
1170 3892 1223 3930 cur

118 3952 219 4008 minus
233 3951 385 4038 ,ambages
401 3963 516 4028 nectet,
541 3974 662 4016 causam
679 3976 792 4037 ponere
810 3959 956 4038 Corippus
968 3960 1074 4018 voluit.
1096 3985 1097 3988 ¹
1124 3957 1223 4017 Oeno-

119 4037 184 4178 ἕω
201 4046 321 4114 praeter
338 4039 413 4098 alios
433 4041 547 4100 mentio
571 4051 616 4100 eet
638 4041 719 4124 apud
736 4047 877 4102 Nonnum
895 4045 953 4122 19,
975 4048 1017 4110 20
1038 4047 1128 4109 etat
1150 4041 1224 4109 344·

146 4137 244 4182 Auru.
461 4177 462 4180 ,
767 4149 769 4154 v
982 4173 983 4176 ,

206 4205 248 4264 ib.
292 4207 436 4287 reseram]
458 4207 502 4268 sic
514 4218 617 4270 trunce
629 4210 737 4274 editur.
781 4215 925 4296 Scaliger,
944 4227 979 4276 ut
992 4215 1155 4296 suppleret,
1176 4213 1225 4271 le·

121 4293 166 4370 git
184 4289 376 4352 Orsilochum
389 4294 532 4372 reseram,
553 4298 748 4378 Dempsterus
763 4301 963 4382 cecropium.
999 4313 1141 4361 neutrum
1152 4317 1224 4376 pro-

116 4377 173 4435 hat
190 4381 237 4436 vir
250 4377 356 4460 doctam
376 4377 415 4438 ad
430 4381 581 4440 Marmara
598 4384 761 4446 Oxoniens.
776 4408 809 4467 p.
827 4391 903 4464 167,
927 4398 957 4447 et
974 4387 1090 4447 mavult
1106 4385 1224 4443 Henio-

115 4462 214 4524 chum
227 4464 367 4543 reser'am.
412 4464 526 4524 Severo
546 4467 731 4530 Oenomaum
744 4471 795 4532 hic
808 4475 925 4532 invenit
939 4476 971 4530 in
985 4483 1048 4531 not.
1064 4469 1104 4529 ad
1116 4466 1223 4528 Sidou.

123 4567 215 4608 carm.
234 4553 276 4614 23
297 4570 329 4630 p·
353 4553 430 4626 198,
463 4552 607 4631 probante
628 4558 784 4617 Perizouio
810 4556 850 4617 ad
871 4561 990 4618 helian.
1011 4559 1081 4616 Var.
1104 4557 1181 4616 Hist.
1203 4557 1223 4618 3

125 4654 151 4691 c.
167 4639 207 4700 38
220 4637 252 4693 in
265 4635 315 4698 fin.
359 4637 479 4696 nullum
492 4657 546 4716 ego
562 4638 686 4718 definio,
708 4663 765 4702 nec
777 4663 916 4725 possum:
937 4645 1038 4701 nescio
1055 4642 1138 4700 enim
1150 4637 1225 4720 quid

125 4721 274 4801 scripserit
297 4732 410 4784 auctor.
432 4725 553 4786 voror.
596 4727 739 4789 lacunam
759 4731 899 4810 suppleri
923 4727 1085 4790 adiiciam:
1107 4727 1227 4786 Henio-
