2806 5160
185 643 260 724 454
492 647 637 722 atoma
660 649 709 722 ΙΝ
732 647 898 722 LIBRUM
921 647 973 719 IV

185 819 272 880 mum
287 815 591 896 mamsuasrcmm
604 815 823 878 bonorumdicl
836 827 927 898 puto,
944 813 1028 898 'quae
1047 811 1300 878 obscure-osten·-

188 915 253 964 tant
267 903 628 984 senpraetigurautbcne
642 906 754 964 tutum.
776 906 875 964 Foco.
917 902 1075 962 msdues't.
1292 927 1294 932 ·

256 995 347 1054 271.
392 987 430 1048 de
455 986 544 1046 hnius
566 991 674 1069 templi
696 1000 858 1063 amatura,
880 990 1068 1069 aliorumque
1090 987 1299 1046 s‘lustiniano

192 1085 413 1154 susceptorum,
436 1077 569 1132 Zonaras
584 1077 748 1154 Procopius
765 1085 795 1134 et
809 1077 871 1133 alil.
914 1074 1073 1134 Danaam-

277 1159 350 1222 274.
394 1159 581 1240 myrorum]
605 1169 707 1218 contra
722 1161 806 1238 leges
820 1157 997 1239 prosodiae:
1018 1161 1063 1218 sic
1079 1155 1211 1228 suctum,
1235 1177 1300 1216 ere-

192 1261 280 1315 mus,
311 1243 456 1317 aeolum,
485 1244 605 1326 aliaque
635 1248 794 1304 muumare
822 1241 905 1325 apud
930 1242 1129 1304 Bmdeutium
1152 1241 1183 1302 et
1210 1244 1301 1307 alios.

191 1333 334 1390 Daursr.
487 1371 488 1376 κ

199 1441 203 1450 ’
280 1417 353 1480 288.
395 1415 422 1475 si
435 1411 510 1474 tides
520 1416 696 1494 Ancum,
717 1413 880 1495 imperator
890 1415 1072 1474 lastinianus
1085 1411 1225 1473 absoluto
1239 1414 1301 1474 So·

193 1498 284 1581 phine
299 1499 414 1578 templo
427 1501 609 1558 exclamavit
620 1520 692 1578 pree
705 1499 816 1579 gaudio
831 1501 1003 1559 exsultans:
1024 1501 1086 1557 vici
1098 1511 1126 1556 ts
1136 1499 1302 1572 Salomon,-

193 1595 406 1665 prnetareaqne
424 1605 440 1643 e
456 1587 577 1663 regione
592 1584 729 1644 eiusdem
745 1587 851 1664 templi
867 1586 1037 1644 Salomonis
1051 1591 1182 1643 statuarii
1194 1589 1302 1664 posuit

194 1669 272 1729 illud
294 1671 523 1750 contemplantis
543 1681 573 1730 et
591 1689 685 1750 genas
703 1671 762 1732 sibi
780 1673 930 1751 carpentis
948 1672 1035 1751 quasi
1050 1667 1165 1728 doleret
1181 1690 1216 1730 se
1231 1691 1301 1731 esse

193 1767 377 1835 superatum.
420 1757 520 1814 Foco.
634 1746 641 1758 ⁸

279 1844 352 1904 287.
400 1841 642 1920 Sophianamm]
664 1835 723 1900 hcc
738 1848 783 1898 est
800 1835 941 1914 aeditua,
964 1837 1003 1898 de
1019 1839 1128 1922 quibus
1142 1858 1236 1922 saepe
1251 1841 1303 1902 lo-

195 1935 331 2005 quuntur
348 1937 465 1985 veteres
487 1928 721 2007 Byzantinerum
742 1943 842 1983 rerum
863 1927 1040 2006 scriptores,
1069 1945 1140 1984 cum
1159 1927 1214 1986 alii
1234 1937 1304 1988 tum

195 2015 328 2078 Zonaras
344 2013 454 2070 Annei.
473 2010 514 2077 14
537 2015 586 2074 10.
628 2013 728 2070 Foco.

281 2099 354 2160 288.
392 2098 544 2175 principis
561 2106 603 2154 est
620 2096 695 2155 leaeo
715 2095 790 2154 arelo
811 2094 875 2175 dei]
898 2114 975 2176 qnae
993 2096 1055 2153 iam
1067 2092 1139 2154 lnde
1152 2092 1192 2153 ad
1208 2095 1305 2155 finem

198 2201 294 2262 usqne
309 2179 398 2240 buius
413 2183 714 2262 Rhescuporim,
736 2183 838 2239 nescio
856 2199 988 2263 quonam
1001 2181 1083 2238 malo
1099 2181 1161 2239 fato
1173 2183 1217 2238 ita
1231 2192 1305 2240 sunt

198 2267 351 2346 plerisque
372 2269 447 2326 locis
469 2268 658 2346 perturbata,
678 2285 740 2325 nou
757 2268 860 2345 paucis
875 2267 997 2340 mutila,
1018 2276 1053 2324 ut
1065 2259 1230 2326 consultius
1244 2287 1306 2326 no-

114 2371 121 2388 *
197 2353 246 2409 bis
264 2353 355 2409 fuerit
372 2353 472 2408 omnia
491 2350 571 2423 fere,
593 2364 626 2410 ut
649 2353 758 2409 malins
780 2351 844 2408 fieri
862 2354 974 2429 potuit,
996 2351 1099 2410 lectori
1123 2371 1306 2430 repraesen-

198 2445 273 2510 tare,
287 2455 378 2516 qnam
392 2435 465 2493 dum
477 2433 585 2495 eadem
597 2433 768 2493 incredibili
783 2437 876 2492 animi
888 2437 980 2494 nostri
992 2436 1181 2495 contentione
1195 2457 1306 2495 emen-

199 2519 271 2579 dare
285 2518 451 2595 studemus,
466 2519 600 2578 fortassis
616 2523 797 2599 corruptiore
814 2517 913 2578 adhuc
929 2522 1025 2578 multo
1040 2519 1175 2596 reddere,
1192 2541 1306 2603 quem·

198 2603 364 2666 admodum
377 2605 528 2687 aliquibus
541 2606 609 2685 plus
622 2608 717 2665 nimio
732 2625 786 2664 suo
797 2607 919 2684 iugenio
931 2604 1147 2682 confidentibus
1157 2607 1307 2668 accidisse

199 2693 232 2751 iu
248 2693 354 2750 alienis
370 2691 523 2752 laboribus
539 2701 725 2771 compertum
738 2701 794 2752 est.
815 2689 870 2750 sed
882 2700 983 2752 tamen
998 2711 1054 2750 nec
1067 2695 1190 2751 omuino
1208 2693 1308 2752 absti-

198 2795 272 2836 nere
295 2781 465 2855 potuimus,
486 2778 560 2858 quin
583 2780 649 2856 pari
668 2775 842 2854 diligentia,
864 2795 924 2856 qua
939 2778 970 2833 in
982 2778 1185 2855 superioribus
1197 2798 1308 2839 snmus

198 2865 263 2937 usi,
286 2863 388 2943 aliqua
403 2867 504 2924 minus
519 2859 654 2924 difficilis
668 2864 896 2940 castigaremus,
919 2861 1059 2942 reliquis,
1083 2880 1161 2941 quae
1179 2867 1308 2924 omnino

199 2949 385 3008 curationem
398 2948 516 3006 nullam
530 2945 708 3021 admittunt,
731 2949 879 3007 asteriscis
892 2949 1088 3026 suprapositis
1104 2949 1191 3027 quasi
1207 2953 1309 3027 apici-

198 3032 256 3094 bus
271 3035 432 3112 insignitis.
453 3033 547 3094 Rura.
588 3033 765 3094 maluissem
787 3032 905 3110 legere,
928 3041 961 3090 ut
978 3051 1026 3090 ms
1041 3031 1151 3091 codicis
1168 3037 1310 3113 vestigiis

199 3119 333 3196 pressius
353 3116 561 3178 inhaererem:
579 3118 730 3197 principie
740 3116 816 3176 hoec
827 3127 918 3195 atque
929 3118 1003 3174 orcle
1015 3118 1076 3191 des}
1098 3128 1149 3176 aut
1161 3118 1242 3178 farte
1257 3140 1311 3178 re-

201 3203 295 3262 ctius:
312 3204 462 3282 princepale
478 3201 581 3275 aeus,
603 3201 678 3264 cula
699 3202 757 3264 dei.
781 3203 881 3268 Fusa.
922 3205 1054 3283 pressius
1068 3199 1206 3265 inhaeret
1223 3203 1313 3287 quod

199 3289 263 3348 iam
276 3292 442 3368 repositum
457 3298 513 3351 est.

286 3393 362 3456 290.
404 3389 490 3470 inde]
518 3387 563 3449 its
586 3390 685 3450 fuerat
710 3390 743 3450 in
769 3387 900 3449 editione
926 3391 1037 3470 priore.
1080 3390 1201 3469 reposui
1223 3391 1314 3454 tude„

201 3477 345 3538 Drusr.
390 3495 472 3536 error
491 3475 580 3536 na'tus
604 3496 645 3536 ex
664 3479 753 3534 notis.
797 3479 982 3556 antrumque
999 3496 1088 3555 saepe
1104 3477 1237 3536 librariis
1253 3489 1313 3556 est,

203 3571 235 3620 st
249 3559 294 3620 sat
312 3572 342 3620 et
357 3561 437 3621 inde.
462 3563 557 3620 Rsrr.
600 3563 749 3621 Meursius
762 3562 820 3619 loe.
836 3563 884 3624 cit.
899 3559 980 3620 hunc
993 3581 1113 3621 versum
1124 3564 1158 3620 iu
1173 3559 1314 3624 editione

183 3649 185 3654 '
201 3647 302 3705 ttetzii
315 3648 457 3706 luxatum
470 3665 536 3706 esse
549 3658 666 3722 censet,
692 3658 722 3706 et
734 3648 811 3726 legit
825 3645 869 3705 ibt
879 3667 1011 3725 nomque
1019 3647 1181 3726 probatur.
1205 3649 1313 3710 Fusa.

288 3751 364 3813 292.
406 3749 542 3807 testinata
555 3751 794 3828 interpunctione
809 3751 910 3808 omnia
926 3750 1048 3808 clarent.
1090 3749 1190 3807 Fcaa.

287 3849 361 3913 293.
403 3853 557 3932 praeclara
584 3848 769 3910 christianae
792 3860 823 3909 et
844 3848 1030 3910 orthodoxae
1054 3847 1125 3908 fidei
1147 3851 1314 3928 confessio,

203 3933 408 4012 compluribus
430 3935 567 3998 versibus
586 3939 742 4016 exposita,·
763 3934 804 3994 sd
824 3955 963 3996 normam
980 3936 1111 4020 symboli
1130 3938 1260 3996 Nicaeni
1281 3951 1316 3998 et

205 4013 470 4081 chalcedonensis.
512 4025 607 4086 ltrrr.

288 4117 362 4184 294.
406 4141 512 4183 seusus
531 4133 576 4182 est
589 4123 797 4203 perturbatior.
840 4123 978 4204 paullum
993 4129 1108 4182 mutata
1122 4121 1255 4184 lectione
1268 4125 1317 4184 sic

204 4208 456 4284 transposnedm:
477 4209 601 4286 apirian
623 4217 651 4266 et
670 4219 794 4268 sanctur
812 4209 960 4279 ameum,
980 4212 1104 4268 murina
1106 4207 1231 4288 fulget,
1254 4220 1318 4269 tres

204 4300 277 4434 :lm
287 4311 449 4368 persam,
472 4292 643 4353 substantia
657 4295 788 4356 creditur
803 4315 880 4367 urso,
901 4305 1092 4376 atquepater
1104 4293 1179 4354 deus
1191 4305 1238 4353 set
1255 4305 1313 4356 stc.

232 4392 327 4435 osca.

288 4473 363 4542 295.
406 4477 679 4561 muslnosulgent]
702 4481 774 4562 qnia
787 4480 931 4542 nimirum
944 4482 1010 4560 ipsa
1020 4480 1143 4542 uomina
1158 4491 1318 4542 ostentant

207 4555 385 4624 mainerum,
401 4581 599 4646 personarum
618 4567 697 4626 inter
717 4585 758 4628 se
773 4565 996 4628 distinctionem
1017 4587 1052 4626 ec
1074 4568 1268 4626 relationem
1283 4573 1317 4626 in
