2834 5138
395 235 555 366 tusum
579 294 763 366 turcus
787 275 918 366 usi.

183 485 254 526 cara
267 485 323 550 per
334 465 512 524 exanimum
522 461 710 524 circumdans
723 461 847 524 brachia
863 483 970 544 corpus

85 569 160 635 250
184 589 255 626 cum
269 568 400 626 lacrimis
415 567 548 626 lustinus
562 561 693 626 ait“lux
706 567 788 626 urbia
804 577 833 624 et
849 567 939 641 orbis,

183 670 351 728 Iustiniana
363 679 464 748 pater,
492 665 635 728 dilectam
648 667 761 728 deseris
774 666 897 728 autumi

184 782 327 850 cognatos
340 771 472 830 farusdos
490 780 520 828 et
535 781 635 831 tantos
648 771 763 851 linquis
776 768 938 830 alumucsi

185 875 353 933 contemnis
366 870 481 932 terrosi
504 873 584 933 fesso
602 891 664 932 uon
678 875 824 952 prospicis
836 870 925 932 orbii

185 995 225 1034 eu
235 977 349 1034 Avares
363 976 530 1055 Franciqua
543 985 642 1034 truces
657 973 848 1056 Gepidesque
866 976 1020 1055 Getaeque

91 1077 163 1146 255
185 1088 289 1159 totque
303 1079 381 1136 aliae
396 1088 501 1156 gustes
515 1078 671 1136 commotis
684 1073 817 1158 undique
832 1079 933 1156 siguis

185 1181 265 1238 belia
277 1189 417 1240 moreat:
440 1198 500 1261 qus
513 1177 545 1236 vi
559 1188 660 1238 tantos
674 1180 881 1258 superabimus
897 1178 1010 1254 hostes,

186 1301 257 1341 curu
269 1285 364 1340 virtus
376 1283 512 1339 Romans
523 1273 649 1339 iacati”
691 1278 767 1340 haec
780 1283 874 1360 patris
888 1301 991 1340 cruore

187 1385 277 1442 verba
291 1383 471 1464 loquebatur
482 1383 658 1443 lacrimam:
678 1402 752 1444 uam
765 1393 884 1463 pectore
898 1393 962 1442 toto

185 1487 336 1545 bellonun
348 1488 412 1544 iam
424 1503 495 1542 cura
508 1486 583 1559 iuit3
601 1487 664 1544 iam
678 1487 764 1564 sigua
779 1485 931 1566 ducesque

97 1591 165 1654 250
188 1585 341 1667 dispositi,
364 1589 492 1663 classes,
515 1589 611 1662 acies,
634 1591 800 1663 exercitus,
822 1607 905 1646 artua

186 1691 312 1748 oonsilio
324 1687 480 1749 moderata
494 1709 573 1749 novo
588 1693 738 1771 taciteque
749 1699 864 1768 parata.

187 1794 296 1850 lustini
306 1801 383 1850 nutu
396 1799 502 1870 gentes
516 1801 546 1850 et
558 1808 651 1868 regua
664 1793 855 1850 tresnisctutt:

186 1895 287 1952 omnia
301 1893 441 1951 terrificat
456 1890 571 1970 rigidus
587 1895 682 1972 vigor.
724 1891 775 1952 hic
788 1895 932 1973 pietatem

187 1993 318 2054 ostendit
328 2006 435 2054 natura
448 2013 549 2069 suam,
572 1995 745 2076 iustumque
761 1995 898 2055 dolorem

98 2098 164 2164 265
186 2095 298 2157 divinis
311 2099 420 2156 animis
434 2097 512 2158 nulli
527 2098 677 2156 evitabilis
693 2101 779 2158 auxit

188 2201 285 2270 caratis
300 2197 452 2274 condicio,
478 2201 592 2258 cuuis
604 2201 781 2258 mortalibus
794 2219 901 2281 aequa.

187 2299 239 2360 hic
251 2304 347 2380 pietas
360 2299 513 2361 laudandi
525 2303 583 2360 viri
596 2311 641 2360 est
655 2320 833 2381 semperque
850 2298 994 2359 currenda.

189 2402 279 2463 dicite
285 2446 299 2479 ‚.
317 2405 385 2485 quis
398 2401 558 2461 hominurn
570 2403 703 2462 lacriruis
718 2405 759 2461 ita
773 2406 867 2481 possit
880 2404 990 2460 amaris

189 2506 260 2566 flere
273 2507 354 2566 senis
365 2501 518 2564 morcourt
541 2505 626 2582 regni
638 2523 790 2562 successor
800 2514 831 2561 et
843 2503 930 2564 heres

99 2612 167 2674 270
188 2607 315 2687 imperat
329 2617 360 2666 et
372 2605 471 2666 dolata
491 2607 653 2684 imparium
666 2605 799 2685 proferre
813 2608 930 2684 parenti

188 2709 293 2767 maliet
304 2727 396 2788 quam
409 2710 495 2786 regni
508 2709 635 2782 solium,
657 2727 749 2788 quam
763 2717 879 2788 sceptra
895 2719 1007 2768 tenere.

230 2814 293 2870 Nec
303 2813 404 2872 minus
415 2811 534 2890 imperii
543 2819 662 2887 gratum
674 2819 789 2888 patrem
803 2812 905 2870 iuciita
917 2831 1036 2871 cortsors

190 2912 295 2988 flebat,
318 2924 349 2972 et
363 2911 528 2971 htunanam
541 2919 654 2971 sortem
666 2914 776 2991 pietate
791 2911 938 3002 dolebat..
1067 2971 1068 2974 ,

190 3017 343 3097 exsequiis
357 3012 448 3072 adicit
462 3014 551 3072 solito
565 3015 635 3094 plus
648 3013 726 3074 dona
739 3017 886 3094 paternis,

99 3117 145 3181 27
147 3113 168 3179 5
188 3117 291 3197 ireque
304 3109 467 3175 conmotus
483 3113 576 3176 denso
588 3116 672 3175 iubet
686 3119 805 3195 agmine
815 3117 929 3178 mrbus.

190 3227 220 3278 et
234 3220 303 3278 tulit
315 3221 464 3282 intextam
477 3219 608 3296 pretioso
621 3221 735 3278 murice
749 3230 875 3295 restem,

189 3323 424 3380 iustinianormn
437 3320 528 3378 series
542 3319 594 3378 ubi
607 3331 669 3380 tota
680 3320 817 3380 laborum

189 3431 260 3482 neto
274 3441 347 3482 auro
361 3421 503 3498 insignita
516 3421 574 3479 fuit
588 3425 776 3504 gemmisque
790 3441 923 3484 corusca·

189 3525 252 3582 illic
264 3523 433 3582 barbaricas
443 3521 522 3580 flexa
535 3525 649 3582 cervice
661 3523 837 3605 phalanges,
883 3551 885 3554 ·
943 3559 944 3562 =

101 3625 168 3690 280
188 3627 300 3685 occisos
317 3623 402 3703 reges
416 3623 623 3708 subiectasque
637 3625 742 3686 ordine
755 3637 861 3704 gentes

189 3728 285 3806 pictor
299 3746 355 3786 acu
367 3726 451 3784 tenui
464 3727 560 3786 muita
572 3729 753 3794 formaverat
766 3737 840 3786 arte.

189 3827 301 3886 iecerat
314 3839 344 3886 et
357 3827 476 3886 fulvum
495 3827 605 3888 distare
622 3831 771 3890 coloribus
781 3848 898 3905 summ,

189 3932 288 3989 omnis
302 3939 336 3989 ut
347 3931 494 4010 aspiciens
507 3948 543 3988 ea
555 3949 677 4010 corpora
691 3951 761 3990 vera
773 3941 909 4011 putarett

190 4031 306 4111 effigies
319 4049 408 4107 auro,
430 4036 552 4109 sanguis
568 4030 740 4112 depingitur
753 4043 845 4092 ostro.

102 4131 170 4198 285
190 4134 292 4212 ipsum
304 4143 406 4192 autem
416 4135 449 4190 iu
460 4131 561 4192 suedia
575 4136 719 4194 rictum
728 4136 868 4214 pinxerat
883 4134 953 4194 suls

190 4233 282 4294 effera
297 4233 458 4298 Vandalici'
466 4234 630 4296 calcantem
643 4235 720 4295 coila
735 4237 875 4317 tyrauui5

1136 287 1207 367 173
