2768 5146
429 287 487 352 oa
512 285 777 355 affluousuns
799 289 941 356 rmus.
1153 259 1155 275 '
1191 311 1240 358 vn
1316 233 1321 304 2

120 457 273 512 sonatum
295 469 362 512 etse
382 449 470 528 dicit,
499 455 646 513 maiorem
666 452 812 515 bonorem
830 458 859 515 ei
880 457 1023 536 obtigisse
1045 455 1238 519 hauddubie

122 565 238 634 negat:
273 550 407 613 hederae
434 565 535 612 autem
563 576 703 616 coronam
726 557 880 618 doctarum
901 561 1046 620 frontium
1069 564 1238 640 praemium

123 659 230 716 minus
249 656 368 716 illustre
390 657 482 717 fuisse
506 678 546 716 ex
567 661 667 719 allatis
687 663 888 740 inscriptionis
909 665 1008 722 serbis
1023 674 1124 742 patet3
1145 683 1236 744 quem

124 779 246 841 morem
262 757 501 818 coronandorum
516 768 674 840 poetarum
689 783 759 822 cum
771 765 857 844 poesi
868 765 952 844 ipsa,
975 769 1022 824 cui
1043 785 1162 846 semper
1177 768 1235 824 ali-

124 867 196 944 quis
217 861 316 922 honos
338 855 467 939 mansit,
498 866 590 922 etiam
610 865 751 942 mdibus,
780 886 860 948 quae
880 876 981 926 secuta
1002 879 1086 945 aurat,
1099 869 1236 928 'saeculis

126 964 308 1046 perdurasse
327 965 463 1024 arbitror.
507 965 636 1048 denique
658 978 774 1042 statuae
794 966 940 1029 honorem
961 974 1117 1050 perpaucis
1139 975 1235 1052 potitis

125 1069 334 1129 oratoribusvc
346 1067 493 1128 tributum
509 1089 575 1128 esse
589 1071 640 1130 vel
654 1071 725 1130 inde
741 1073 932 1151 colligimus,
953 1073 1035 1154 quod
1049 1085 1079 1132 et
1093 1073 1234 1134 Sidonius

126 1181 160 1229 et
174 1169 305 1246 ldatius,
327 1173 360 1229 in
376 1171 553 1230 brevissima
569 1173 762 1234 Merobaudis
776 1177 946 1251 mentione,
971 1175 1009 1234 de
1024 1197 1060 1235 eo
1075 1179 1234 1258 praecipua

125 1275 220 1333 verba
233 1273 380 1334 fecerunt.
891 1277 892 1280 ’

212 1380 317 1458 ltaque
346 1374 384 1434 de
409 1376 735 1458 panegyrico-quidem
753 1357 928 1445 Merobaudi
949 1377 1146 1451 vindicando,
1175 1379 1235 1437 nisi

123 1482 195 1562 quis
216 1481 340 1540 omnino
361 1483 545 1540 coniecturas
565 1481 603 1538 ab
626 1478 673 1539 his
693 1479 801 1540 studiis
819 1483 923 1562 pellit,
946 1501 1023 1563 quae
1045 1481 1109 1539 sine
1131 1499 1235 1538 earum
1252 1496 1279 1550 p.
1296 1479 1335 1534 lX

123 1605 184 1664 ope
207 1604 298 1664 saepe
317 1581 459 1664 progredi
479 1594 648 1664 nequeumt,
669 1585 724 1642 vix
747 1585 929 1665 quemquam
949 1583 1154 1642 dubitaturum
1169 1601 1234 1640 esse

125 1689 269 1762 arbitmr3
292 1706 352 1768 quo
367 1703 525 1762 concesso,
549 1684 587 1744 da
603 1707 638 1746 eo
652 1697 754 1744 nmen
771 1689 971 1746 controversia
984 1685 1100 1750 moveri
1113 1681 1231 1763 poterit,

124 1793 226 1849 sintne
240 1789 280 1848 ad
294 1787 425 1847 eundem
437 1797 589 1848 auctorem
604 1788 759 1848 referenda
772 1792 889 1848 minora
904 1791 1035 1847 cannina
1052 1807 1128 1870 quae
1142 1805 1233 1866 prae-

123 1889 248 1950 cedunt.
291 1911 397 1952 venun
417 1903 452 1950 ut
474 1890 508 1950 id
532 1891 716 1954 affirmemus
738 1904 768 1952 et
790 1895 856 1972 ipsa
882 1895 1061 1971 pagiuarmn
1084 1893 1232 1950 connexio

123 1993 253 2068 suadet,
285 2003 315 2052 et
329 1993 410 2076 quod
420 1998 452 2052 in
465 1999 647 2076 panegyrico
671 1997 725 2078 (t
736 1995 817 2074 130>
839 2005 870 2054 et
883 1998 915 2052 in
929 1992 949 2058 4
963 1997 1095 2054 carmine
1113 1995 1161 2075 (v.
1171 1991 1231 2076 46)
1322 2040 1327 2049 ι

123 2100 250 2158 Attium
268 2115 398 2176 puerum
413 2097 522 2156 mundi
530 2101 665 2177 pretium
682 2089 775 2158 fuisse
790 2101 849 2157 ait:
872 2109 938 2156 tum
952 2118 1050 2157 senno
1059 2142 1078 2170 „
1091 2115 1185 2177 quum
1200 2116 1230 2153 v.

122 2219 171 2280 gr.
187 2218 260 2259 voce
268 2201 446 2278 primaevus
457 2205 500 2259 ita
515 2199 679 2260 delectatur
690 2209 795 2282 putta,
817 2212 852 2260 ut
867 2200 900 2260 id
913 2203 946 2259 in
963 2199 1010 2259 his
1024 2201 1128 2278 paucis
1142 2201 1231 2276 pagi-

85 2319 95 2336 ·
120 2306 171 2362 nis
187 2312 234 2360 ter
246 2313 390 2361 occurrat.
432 2323 494 2363 non
507 2314 609 2362 tamen
622 2323 687 2382 rem
698 2303 894 2364 dissimulabo
908 2323 985 2384 quae
1003 2319 1155 2362 sununam
1167 2298 1229 2358 dif-

121 2405 288 2463 ficultatem
300 2401 412 2464 habere
426 2403 580 2467 rideatur:
603 2409 730 2482 etenim,
750 2410 801 2488 qui
817 2410 849 2465 in
863 2409 1043 2486 panegyrico
1058 2421 1158 2462 mores
1173 2421 1229 2460 an-

121 2509 223 2588 tiquos
234 2509 408 2589 priscasque
420 2510 545 2568 vinutes
557 2510 649 2569 simul
663 2529 732 2568 curn
745 2512 849 2589 patriis
863 2513 956 2568 sacris
968 2506 1155 2567 intercidisse
1169 2506 1229 2584 cri-

122 2614 278 2686 minetur-,¹
295 2619 432 2690 potestne
452 2613 531 2670 inter
551 2609 746 2670 Christianos·
757 2611 893 2673 censeri‘l
914 2613 1095 2700 praesertim
1105 2611 1156 2691 qui
1171 2607 1229 2666 hoc

122 2717 225 2794 ipsum
237 2715 363 2792 paganis
375 2714 624 2794 exprobrantibus
637 2719 743 2773 verum
757 2735 822 2775 esse
836 2735 947 2796 negare
962 2715 1108 2774 solebant.
1142 2729 1227 2786 ¹cou-

121 2827 169 2875 tra
192 2827 295 2875 autem
307 2817 341 2874 in
355 2813 564 2896 genethliaco,
584 2836 683 2897 neque
699 2821 799 2876 minus
812 2822 844 2876 in
860 2821 952 2896 elegis
969 2815 1006 2874 de
1023 2815 1151 2872 triclinio
1166 2815 1227 2870 Va·
1268 2837 1273 2848 ·

6 2913 7 2916 ¹
121 2919 282 2977 lentiniani
300 2919 508 2996 imperatoris,
533 2915 571 2975 da
581 2919 771 2997 baptismate
787 2940 822 2976 ea
836 2923 976 2998 leguntur
991 2935 1067 2999 qnae
1081 2913 1227 2976 Christia-

121 3041 198 3080 num
218 3017 371 3080 auctorem
385 3019 511 3100 prodere
524 3011 692 3080 videantur.
736 3041 792 3100 ego
810 3042 881 3082 vero
894 3030 981 3079 antea
993 3039 1033 3078 ex
1048 3017 1096 3078 his
1109 3019 1226 3100 laqueis
1267 3069 1269 3074 ,

119 3127 165 3182 ita
191 3141 241 3180 me
270 3121 470 3202 expediebam
496 3133 541 3182 ut¹
555 3125 700 3206 gentilem
720 3124 813 3184 fuisse
834 3131 955 3204 poetam
977 3141 1139 3182 censerem.
1183 3120 1226 3177 sic

121 3227 206 3284 enim
232 3227 477 3305 argumentabor,
509 3223 661 3302 ethnicos,
689 3227 783 3285 fracta
810 3229 905 3288 semel
927 3231 1049 3308 antiqua
1068 3225 1223 3302 religione,

122 3329 256 3408 potuisse
284 3330 350 3388 sine
375 3329 524 3414 sacrilegii
545 3329 777 3410 reprehensione
799 3327 1034 3387 Christimrorum
1054 3343 1225 3386 sermonem

121 3433 282 3506 simularc3
305 3431 398 3512 idque
419 3451 470 3492 eos
486 3433 594 3494 fecisse
608 3436 746 3515 Procopii
761 3432 901 3511 exemplo
915 3433 946 3487 iu
961 3431 1071 3490 libellis
1088 3429 1125 3488 dc
1138 3427 1223 3488 aedi-

122 3535 197 3595 liciis
215 3535 391 3616 probabam.
435 3546 524 3616 atque
541 3534 581 3594 ad
602 3533 681 3595 hanc
700 3554 852 3596 sacrortun
875 3533 1098 3608 confusionem,
1122 3547 1235 3615 quam,

120 3659 162 3698 ex
183 3658 243 3718 quo
267 3637 428 3698 christiani
450 3635 696 3716 dominabantur,
725 3637 872 3697 calliditas
894 3633 1056 3712 suadebat,
1079 3629 1232 3714 superstissv

119 3743 235 3800 tionem
251 3744 447 3820 praecessisse
460 3739 641 3819 indicabam,
660 3761 753 3823 quum
767 3745 830 3800 iam
843 3737 914 3824 inde
927 3759 945 3797 a
957 3739 1111 3819 principiis
1125 3739 1222 3796 eccle·
1242 3719 1257 3815 ἶ

119 3847 182 3904 aiae
203 3846 332 3924 gentiles
351 3837 520 3904 Christiana
537 3829 623 3924 ¹sacra
647 3847 733 3927 quasi
746 3846 840 3902 isiaca
855 3853 907 3901 aut
919 3841 1076 3901 Mithriaca
1096 3849 1222 3920 expeta-
1265 3912 1266 3916 Ἰ

117 3957 203 4023 taut,
230 3967 266 4006 ac
286 3948 446 4028 praecipue
469 3949 618 4027 baptisma
638 3949 756 4030 oleique
774 3948 851 4006 sacri
866 3949 897 4002 in
913 3945 1026 4005 morbis
1039 3946 1221 4003 unctionem.

118 4051 249 4134 denique
262 4049 415 4112 atturdere
425 4051 568 4109 iubebam
579 4069 671 4133 quam
681 4070 789 4131 panno
801 4047 967 4109 orthodoxe
982 4047 1131 4106 dictasint
1145 4062 1222 4124 quaa

117 4155 156 4216 de
174 4157 374 4238 baptismate,
393 4161 475 4214 *saue
494 4175 555 4214 non
576 4153 688 4235 absque
712 4155 763 4233 pia
785 4151 916 4234 quadam
937 4149 1101 4227 elegantia,
1125 4147 1221 4206 canit:
1296 4201 1298 4210 .

116 4275 190 4319 nans
211 4262 263 4342 qui
286 4257 329 4341 (4
351 4253 414 4338 26)
434 4257 545 4331 deum,
567 4277 683 4316 arcana
705 4257 831 4315 laticum
854 4263 1005 4334 receptum
1027 4247 1112 4308 unda
1120 4291 1133 4322 ,
1163 4249 1225 4306 cri·
1307 4315 1310 4324 ,
