2768 5174
205 642 281 716 eso
367 595 368 598 Ὺ
484 617 984 714 uormnnmnour

206 829 284 892 quse
300 803 450 866 disdnofio
464 803 658 862 metallorum
670 812 810 860 namram
821 801 976 880 exprimit.
1004 796 1202 864 ‘Artemidon
1219 800 1236 861 1
1251 796 1311 864 62:

206 892 240 957 rb
262 890 294 956 di
310 893 353 965 εἰς
366 891 493 969 σίδηρον
507 883 700 968 μεταβάλλειν
716 883 876 966 συμφορᾶς
891 880 1037 966 ἆτλήτονς
1045 887 1199 966 σημαίνει·
1222 884 1312 961 σιδη-

204 978 297 1061 etseq
311 975 368 1060 yde
386 973 510 1054 λέγομεν
525 969 597 1048 τούς
611 969 706 1036 roild
722 969 802 1036 sessi
816 969 1033 1054 ὑπομένοντας.
1077 970 1127 1031 adi
1144 967 1310 1028 Hesiodum

209 1075 239 1125 et
254 1063 395 1125 Ovidium
410 1063 534 1118 Metam.
553 1063 581 1122 l.
623 1061 765 1118 neusse.
1071 1111 1075 1120 ,

295 1152 366 1212 193.
408 1147 452 1204 ita
470 1141 552 1204 hune
573 1145 755 1204 versiculum
774 1141 941 1222 legendum
953 1142 1179 1204 existimamus:
1202 1140 1312 1200 dicun

204 1235 321 1306 ,onmis
333 1232 418 1292 dolor
435 1223 632 1308 illepareniis
647 1233 774 1298 inerrat.
814 1232 939 1289 ΒΑΜ.
988 1291 989 1294 ,
1031 1289 1032 1296 ,

296 1319 369 1384 195.
413 1318 527 1395 must]
551 1316 744 1374 fortemovet.
769 1318 864 1375 lin1z.
907 1314 1020 1392 movet]
1044 1312 1177 1372 sioiussi
1191 1307 1310 1384 excudi,

211 1415 378 1464 eumentes
392 1413 470 1462 esset
488 1411 595 1459 monet.
639 1401 781 1460 Deursr.
1206 1459 1207 1464 χ

299 1490 370 1554 196.
413 1485 547 1544 alludere
562 1483 681 1544 ridetur
701 1485 740 1544 ad
759 1485 815 1544 SS.
827 1485 986 1545 Trinitatis
998 1483 1176 1561 mysterium
1189 1501 1250 1540 non
1265 1481 1313 1538 in-

213 1577 366 1652 eleganter
382 1570 516 1653 quidem,
538 1569 593 1629 sed
607 1573 707 1630 minus
721 1573 871 1650 religiose.
917 1567 991 1652 quid
1008 1569 1107 1628 sterne
1125 1565 1217 1626 hebes
1235 1562 1313 1644 apud

213 1662 382 1718 Ausonium
399 1656 521 1736 Edyllio
540 1658 569 1718 1.
613 1659 713 1715 Foco.
796 1717 798 1724 ,

301 1747 371 1808 198.
411 1742 583 1822 gallorum]
623 1753 840 1821 nocuernarum
864 1741 1010 1800 horarum
1035 1739 1227 1806 wcalmeimo
1250 1737 1316 1792 avis

211 1829 330 1910 gallus.-
354 1829 439 1890 Suid.
455 1831 488 1886 in
505 1822 651 1910 εὐφρόνη.
694 1826 826 1888 Achmes
840 1827 1015 1885 Oneiroerit.
1031 1844 1057 1882 c.
1072 1823 1147 1888 294.
1184 1821 1317 1880 Artemi-

215 1915 280 1974 dor.
295 1919 316 1976 2
330 1913 382 1978 47.
406 1914 491 1972 Tull.
506 1916 587 1972 Orat.
601 1933 656 1992 pro
669 1915 704 1972 t..
718 1917 860 1972 Murena:
884 1911 1091 1992 legaliorum,
1112 1908 1202 1966 illum
1217 1906 1319 1964 brecci-

215 2021 326 2060 narum
340 2009 447 2058 cannes
463 2002 632 2057 exsmcitat.
671 2002 714 2056 Μ.
730 2002 823 2058 Varro
837 1997 907 2078 περὶ
921 1996 1094 2078 ἐγκωμίων.
1125 1993 1178 2050 ille
1191 1992 1254 2050 oles
1267 1993 1320 2069 qui

216 2084 381 2145 suscitabat
393 2084 504 2144 barum
517 2085 682 2144 Musarum
696 2087 866 2161 scriptores,
880 2105 923 2140 an
934 2082 985 2140 bic
998 2083 1071 2160 quio
1087 2081 1201 2160 (legere
1216 2079 1321 2136 malim

217 2169 284 2252 qur)
297 2191 421 2249 gregem
439 2168 628 2228 tabularum.
674 2173 742 2230 avie
761 2170 839 2228 lucis
858 2169 990 2226 Martiali
1010 2177 1056 2226 est
1078 2165 1117 2228 14
1137 2166 1232 2242 epigr.
1254 2164 1319 2236 ult,

219 2255 371 2314 excubitor
386 2257 511 2332 Virgilio
524 2258 556 2312 in
572 2258 699 2314 Moreto.
723 2264 753 2312 et
765 2265 883 2331 ternpus
895 2251 1193 2330 illudgcllioinium,
1215 2246 1321 2308 lsidor.

210 2339 240 2412 ,6
255 2344 307 2403 80.
351 2340 422 2397 licet
444 2337 483 2398 ad
497 2358 619 2398 sensum
631 2341 789 2416 vulgarem
800 2335 850 2396 hic
864 2349 968 2398 cantus
987 2339 1138 2416 gallorum
1151 2353 1322 2394 accommo-

221 2423 287 2482 dari
303 2426 413 2503 possit,
442 2434 545 2481 tamen
559 2434 632 2501 puto
650 2422 746 2492 alludi
760 2419 800 2481 ad
810 2425 986 2502 augurium,
1015 2419 1095 2504 quod
1117 2423 1267 2500 optimum
1286 2419 1321 2476 ab

220 2505 280 2566 hac
291 2528 347 2566 ave
363 2506 482 2577 desumi
498 2519 629 2582 constat,
663 2520 693 2568 et
708 2509 827 2568 videtur
839 2509 872 2566 id
883 2510 961 2566 velle
977 2520 1070 2567 acuta
1085 2527 1155 2566 voce
1165 2506 1319 2584 savorem.

221 2596 265 2652 sic
289 2591 490 2654 Themistocli
517 2596 550 2652 in
569 2597 705 2652 Xerxem
731 2593 852 2654 ducenti
885 2605 964 2654 certa
991 2595 1114 2652 victoris
1137 2590 1323 2663 denuntiate,

221 2679 306 2738 Tull.
318 2678 362 2758 de
379 2680 512 2738 Divinat.
535 2683 573 2754 2,
602 2690 632 2738 et
643 2682 774 2740 Boeotiis
792 2683 825 2738 in
843 2678 1098 2739 Lacedaemonios
1119 2675 1324 2749 tendentibus,

220 2765 301 2822 Plin-
320 2768 359 2828 10
377 2768 430 2828 21.
475 2773 521 2822 est
534 2774 563 2822 et
574 2764 658 2825 aliud
671 2785 766 2844 genus
781 2767 968 2844 aruspicinae
984 2785 1023 2822 ex
1033 2763 1123 2842 gellis
1138 2761 1324 2840 desumptae,

221 2850 367 2910 Sarisber.
383 2850 525 2908 Policrat.
543 2853 557 2911 1
578 2852 615 2913 13
637 2871 678 2910 ex
696 2851 841 2911 Suetonio
857 2851 961 2910 Tiber.
981 2848 1082 2923 e.14;
1106 2859 1136 2907 et
1154 2867 1215 2906 non
1233 2849 1326 2905 ornit-

220 2945 284 2998 tttm
296 2935 566 2994 nfonunetissune
580 2938 713 3016 auspicia
725 2955 743 2996 a
756 2937 887 3015 gallinae
899 2946 988 2994 cantu
1002 2934 1081 3008 duci,
1095 2936 1219 2993 Terent.
1227 2930 1326 2991 Phor-

221 3022 322 3080 mione
336 3017 428 3084 aeni
445 3039 487 3078 sc.
504 3017 541 3093 4,
568 3019 621 3077 nbi
634 3022 708 3079 Geta
723 3020 863 3100 prodIgia
877 3024 999 3101 nuptias
1011 3017 1208 3098 impedientia
1220 3037 1327 3080 reeen-

222 3114 278 3164 set.
322 3107 416 3164 risum
430 3114 532 3163 movet
546 3101 623 3164 mihi
637 3107 789 3167 Donatus:
815 3109 926 3187 anguis
942 3127 999 3184 per
1014 3105 1196 3182 inpluvium
1217 3103 1328 3162 decidit

224 3189 261 3248 de
274 3191 397 3268 tegulis,
414 3190 540 3270 gallina
555 3192 669 3249 cecinit.
717 3191 757 3250 ad
773 3212 865 3272 quem
877 3197 967 3250 ritum
977 3193 1069 3271 Apul.
1084 3192 1182 3249 Miles.
1196 3194 1232 3256 9:
1253 3187 1328 3268 gal-

225 3273 293 3332 lina
308 3296 366 3353 per
383 3276 514 3334 mediam
528 3278 676 3334 curestano
699 3298 803 3344 aream
823 3278 953 3336 clariore
964 3280 1112 3355 genetiuo,
1142 3275 1226 3334 velut
1237 3294 1329 3334 ovum

220 3379 331 3438 parere
344 3363 488 3440 gestiens,
512 3360 709 3437 personabat,
732 3375 762 3422 et
783 3365 885 3430 statim
904 3365 1053 3442 pensioies
1070 3362 1203 3420 familiae
1224 3370 1329 3420 secuta

167 3449 178 3516 ᾗ
226 3455 281 3504 est.
326 3446 464 3506 Clemens
478 3443 643 3505 Alexandr.
657 3447 800 3510 Stromat.
818 3455 849 3513 7.
892 3450 1034 3510 Dsnrsr·
1220 3465 1222 3468 ·

311 3533 385 3594 202.
428 3529 584 3611 excubiae]
605 3533 727 3610 publica
755 3535 838 3593 urbis
865 3533 999 3594 custodia
1028 3543 1173 3593 nocturna
1199 3529 1330 3590 arcendo

226 3611 368 3672 incendio
392 3615 465 3674 olim
486 3617 630 3676 excubiae
653 3617 878 3702 (ἦμεροβίγὶιον
905 3620 1053 3700 curopal.)
1076 3619 1173 3678 dicta:
1204 3618 1331 3676 Paullus

225 3700 265 3757 10
278 3699 332 3758 lib.
350 3703 365 3762 1
382 3697 414 3757 ff.
431 3698 468 3759 de
481 3701 560 3760 offic.
574 3703 669 3780 praef.
683 3706 764 3782 Virg.
781 3708 859 3764 Aen.
874 3707 910 3768 9:
934 3707 1079 3785 birgilum
1100 3700 1232 3762 eecrsbiis
1251 3701 1332 3760 obsi-

227 3783 297 3844 dere
304 3795 421 3861 portas.
466 3787 566 3866 imago
581 3789 645 3846 eius
660 3792 705 3846 rei
718 3791 750 3846 in
763 3790 899 3850 Suetonii
915 3795 1050 3870 Angusto
1065 3810 1091 3848 o.
1107 3794 1159 3854 23.
1181 3785 1332 3846 Artemid.

229 3872 316 3932 362.
360 3880 390 3927 at
408 3870 482 3932 mali
502 3873 668 3951 principes,
691 3877 858 3934 ministerio
878 3879 1010 3936 militum
1029 3872 1221 3954 tyrannidem
1242 3892 1334 3932 usur-

229 3963 346 4032 pantes,
368 3973 438 4016 suos
450 3957 595 4016 satellites
608 3953 802 4020 hecatomine
816 3973 976 4036 vocanmt3
998 3960 1079 4020 mrde
1095 3958 1273 4020 Cassiodoro
1296 3964 1331 4022 il

232 4057 280 4116 ep.
301 4041 340 4102 19
362 4050 558 4118 tyrannorum
577 4041 728 4102 excubiae.
774 4046 932 4106 Claudiae.
955 4047 993 4106 de
1015 4046 1035 4110 4
1059 4050 1138 4105 Hon.
1159 4045 1333 4118 consulatu:

222 4143 293 4192 ¹nors
309 4125 353 4181 oie
365 4125 570 4186 excubiarum
585 4130 812 4190 coemuranae
821 4133 905 4211 pila,
928 4153 1021 4212 quum
1033 4141 1151 4190 uolanti
1163 4151 1260 4190 anaor.
1285 4129 1334 4188 fo-

231 4209 315 4267 ribus
326 4213 498 4290 principum
513 4213 664 4292 praefixae
678 4215 768 4292 illae,
799 4230 832 4277 ut
853 4221 1038 4299 privatorum
1055 4220 1207 4282 ianitores.
1251 4214 1335 4273 idem

232 4292 270 4353 de
284 4294 367 4354 laud.
382 4294 500 4356 Stilich.
517 4303 554 4360 2:
575 4319 654 4376 quae
674 4301 820 4362 vestibulo
826 4303 1009 4383 finibusque
1022 4314 1180 4381 perennem
1195 4300 1332 4360 secubat.

233 4377 300 4438 dixi
311 4379 350 4438 ad
363 4379 441 4440 illud
454 4383 536 4442 ltus
553 4380 591 4442 de
606 4395 711 4464 raptu:
728 4400 762 4445 ut
775 4389 881 4448 murus
894 4389 1031 4456 menbris,
1040 4388 1225 4454 inenatodita
1234 4383 1335 4446 vrensc-

233 4467 282 4522 51'8·
327 4463 505 4543 ProPeri-‘i
531 4471 560 4530 1.
592 4469 671 4530 infra
694 4469 805 4538 3165.
849 4474 926 4546 adde
951 4472 1093 4536 excubias
1117 4485 1280 4552 noctsnnas
1302 4475 1334 4530 in

233 4549 325 4609 Sflcris
339 4550 459 4608 Grflecis
474 4550 650 4630 solemnes,¹
670 4559 754 4618 euius
770 4562 813 4621 rei
825 4573 931 4632 auctor
944 4559 1124 4622 Anacharsis
1140 4558 1222 4640 apud
1236 4562 1335 4618 Hero-

139 4655 145 4668 ‘
237 4631 342 4702 (lotum
354 4636 553 4716 Melpomene,
577 4649 607 4700 et
618 4643 773 4723 Romanis,
794 4647 965 4714 Velm-12
985 4653 1021 4727 l;
1043 4667 1104 4731 quo
1116 4665 1209 4708 sensu
1221 4644 1335 4724 accipio
