2790 5130
152 681 202 752 63
517 725 520 740 ·
622 676 793 748 CORIPPI
913 673 918 738 ῗ

155 845 219 911 315
238 845 324 906 fortis
338 854 368 904 et
381 843 511 925 irruptis
514 846 677 924 trapeahss
691 845 812 926 agmina
825 847 939 939 eastQ

171 1015 174 1022 ¹
239 967 311 1006 ense
327 950 428 1026 gravi,
450 947 646 1028 simiiique'
616 967 697 1008 arros
709 949 820 1007 versute
829 949 969 1023 necabar,

238 1051 388 1109 Germano
404 1059 565 1130 spargente
577 1050 677 1110 ferum
688 1049 863 1131 rieurmque
874 1059 1046 1131 mum.

194 1169 200 1182 ’
240 1163 271 1210 te
285 1153 378 1212 cellas
390 1153 586 1213 Vatarimira
599 1153 753 1233 'spectabat
766 1165 879 1228 amore,

241 1261 272 1312 te
284 1255 409 1314 Autenti
422 1273 528 1315 saeros
542 1265 725 1314 maetantem
736 1253 853 1316 videret
868 1253 980 1315 hostes.

157 1355 220 1420 320
282 1357 373 1415 Tune
386 1357 467 1420 faeta
481 1367 528 1418 est
539 1367 659 1420 nostrae
674 1360 793 1440 requies
804 1358 1002 1437 pinguissima
1015 1367 1122 1418 terrae.

241 1476 304 1516 non
314 1459 449 1537 beilum,
469 1481 532 1520 non
544 1459 657 1540 praedo
671 1479 782 1540 rapax,
804 1479 866 1520 non
878 1461 968 1519 miles
980 1479 1085 1520 avarus

242 1564 352 1620 usatica
366 1573 444 1622 tenta
459 1563 556 1639 sabin
576 1573 710 1624 tentaurr
719 1563 804 1623 nulla
816 1562 967 1642 supellex.

244 1667 346 1723 omnia
361 1665 451 1744 plena
463 1665 553 1726 benis
567 1667 688 1744 pluvis:
711 1683 774 1746 pax
786 1673 852 1724 tuta
863 1682 919 1743 per
932 1663 1044 1722 orbem.

242 1767 457 1836 tunufeeunda
472 1769 578 1844 Ceres,
598 1777 672 1827 tune
682 1767 780 1830 laetus
794 1769 956 1847 pampinus
969 1769 1038 1827 uris
1155 1787 1159 1792 ¹

159 1869 221 1934 325
242 1871 384 1952 pictaque
398 1872 584 1952 genuniferis
597 1869 685 1929 arbor
696 1867 988 1948 splendebat‘oiivis.

242 1973 332 2033 miles
346 1984 377 2034 et
389 1976 421 2033 in
434 1977 563 2054 propriis
575 1974 706 2031 laetatur
715 1969 839 2032 sedibus
850 1973 967 2030 insons.

243 2077 386 2136 calteria
398 2081 482 2136 omnt
493 2087 578 2157 parta
591 2093 661 2135 suas
674 2075 811 2156 plantare
822 2074 958 2134 novellas

245 2187 401 2258 coeperat3
423 2189 454 2238 et
467 2177 571 2237 duetus
584 2179 714 2255 iungens
728 2174 768 2234 ad
782 2184 880 2236 aratra
893 2177 1044 2236 iuveneas»

244 2297 316 2337 arra
332 2281 451 2340 serebat
466 2299 575 2355 ovans,
597 2276 794 2359 placidusque
806 2297 826 2335 a
836 2287 940 2338 moute
953 2279 1087 2336 canebat.

162 2382 225 2445 330
246 2401 336 2441 ausus
350 2393 381 2442 et
393 2380 433 2442 ad
445 2385 551 2442 ianm
562 2383 660 2441 iaetus
674 2389 794 2440 canuae
808 2382 914 2439 viator.

244 2481 330 2544 diras
347 2505 440 2566 opum
455 2505 534 2566 pax,
555 2485 678 2566 pinguis
690 2493 757 2542 erat
767 2492 934 2542 mereator.
970 2483 1082 2564 ubique

245 2590 375 2669 quisque
388 2591 483 2663 cauit3
504 2597 646 2648 resonent
657 2589 770 2648 securis
783 2585 916 2644 earmina
929 2585 1018 2644 terris
1122 2585 1127 2594 “

247 2687 347 2749 dulcia
359 2709 481 2772 voxque
494 2691 581 2750 leals.
625 2687 761 2769 gaudens
774 2685 847 2746 hine
860 2695 960 2746 uanttu
972 2671 1079 2764 arator,

247 2789 320 2850 iude
335 2795 431 2853 viator
443 2813 546 2853 orans.
588 2793 762 2851 mulcebant
776 2809 846 2870 argo
859 2791 1009 2849 Camenae

162 2893 225 2958 335
247 2904 277 2954 et
292 2897 383 2955 variis
397 2894 557 2956 homiuum
574 2894 749 2954 relevabant
760 2903 882 2973 pentura
894 2867 1018 2953 Musis.⁸

247 2997 371 3058 libertas
384 3000 447 3058 iam
459 3000 551 3080 plena
566 2999 641 3074 fuit,
663 2994 719 3058 sed
730 3007 867 3076 tempore
880 3013 984 3076 parvo.

247 3100 351 3160 invida
365 3104 556 3161 summisere
570 3101 702 3162 fatonnn
714 3101 843 3160 stamina
853 3095 979 3158 mundo.

247 3221 318 3280 cur,
339 3201 498 3280 Lachesis,
519 3201 679 3263 hominum
691 3204 776 3262 tenui
788 3200 952 3282 pendentia
962 3199 1013 3260 filo

249 3306 311 3364 fata
327 3317 434 3368 tenens
446 3309 554 3368 ieviter
565 3304 677 3388 pellisi
719 3308 787 3364 iam*
797 3305 946 3384 rumpitur
959 3303 1057 3378 orbis;

165 3405 229 3472 340
249 3409 376 3469 fortibus
392 3421 445 3470 aut
458 3413 535 3471 aeris
550 3412 662 3470 referes
676 3407 810 3490 ferrique
823 3403 946 3483 eatenis,

251 3523 356 3570 auriota
372 3531 515 3588 movens,
537 3503 633 3572 terror
644 3520 809 3591 premeret,
830 3529 892 3569 non
907 3517 1059 3588 rumperet
1070 3507 1125 3566 ira.

291 3617 416 3694 lamque
428 3633 521 3674 novas
534 3615 642 3674 melior
655 3625 843 3692 reparaverat
855 3613 957 3672 Africa
971 3614 1059 3687 virus,

251 3723 341 3796 atque
354 3713 644 3776 hominum-vastare
656 3733 751 3794 genus
766 3713 975 3796 mundumque
987 3717 1139 3774 labantem
1252 3753 1258 3764 .

251 3827 400 3897 eoeperat.
442 3815 490 3878 his
505 3822 614 3878 nostris
628 3821 753 3878 veniens
765 3813 902 3877 fervebat
914 3822 946 3876 in
963 3820 1033 3876 oris.

168 3912 230 3981 345
251 3938 407 4000 uunquam
423 3917 525 3980 audita
542 3921 601 3979 tuit
613 3923 718 3981 mortis
730 3930 794 3979 tam
807 3923 902 3980 tristis
912 3919 1025 3999 imago,

251 4039 314 4080 non
332 4024 412 4080 orbis
425 4024 557 4082 novitate
573 4021 674 4098 rudis,
695 4043 756 4082 non
767 4032 903 4102 tempore
915 4019 1059 4102 Pyrrhae.
1164 4059 1167 4066 =

252 4143 326 4182 nam
341 4127 466 4186 miseros
480 4129 621 4185 monstris
637 4127 816 4185 uouuubans
829 4125 929 4184 letifer
943 4143 1039 4184 annus

171 4273 174 4282 ,
253 4228 415 4285 miscuerat
430 4231 545 4309 superis
562 4247 686 4301 manes3
708 4247 835 4308 seseque
850 4225 993 4287 videbant

186 4385 189 4398 ,
255 4329 381 4402 vulnera
394 4327 503 4390 divinia
517 4327 656 4390 homines
669 4327 805 4390 hausisse
819 4331 945 4410 sagittis,
999 4408 1000 4411 Ἴ

161 4507 228 4570 ‘ata
240 4465 318 4568 cellas
331 4513 371 4581 Τ,
388 4514 516 4570 cuturn
603 4513 656 4569 333
672 4513 807 4584 piuuisT
824 4513 892 4581 Liby
894 4513 968 4567 asM
1052 4511 1104 4568 333
1121 4525 1196 4579 moxq
1198 4524 1231 4562 ua
1245 4509 1279 4562 Μ

172 4583 224 4637 334
241 4583 437 4638 mutuabant?
514 4584 564 4638 335
583 4584 650 4636 euris
661 4585 693 4638 Μ
782 4583 834 4638 339
852 4590 925 4634 terres
939 4583 965 4636 Τ
1047 4581 1100 4636 uto
1115 4581 1233 4636 referens
1245 4579 1280 4632 Μ

173 4651 225 4706 343
240 4651 368 4708 labentem
383 4654 408 4706 T
507 4653 559 4711 347
576 4669 627 4708 uun
640 4653 665 4706 Τ
765 4653 817 4708 349
833 4652 935 4706 suxisse
947 4653 979 4706 Τ.
1156 4667 1157 4670 ’
1229 4683 1232 4688 -
