2768 5174
406 673 464 740 DE
488 669 695 742 LAUDIBUS
719 671 889 740 lUSTlNI·
1122 672 1197 744 329

99 861 169 904 ven.
185 846 220 908 1:
242 862 311 902 eum
322 841 421 900 eveniet
434 851 552 913 comto,
573 840 669 920 digito
682 859 831 920 compesce
843 837 999 900 labellum.
1025 871 1027 876 ·
1044 838 1197 920 praesides

99 930 308 988 teoimmitstis
333 925 376 985 dii
398 925 479 1007 apud
500 929 666 1005 Aegyptios
688 930 904 1005 Harpocrates,
944 923 1026 1004 apud
1045 929 1197 988 Romanos

96 1019 276 1094 Angerona,
304 1005 469 1071 simulitum
482 1032 532 1070 ore
548 1011 704 1091 obsigimto
718 1009 879 1070 iubebant.
923 1012 1003 1070 Plin-
1021 1015 1040 1074 8
1055 1011 1091 1087 6,
1114 1023 1143 1070 et
1158 1032 1199 1072 ex

100 1120 136 1159 eo
158 1100 281 1160 Solinus
297 1095 479 1178 Polyhistor.
502 1117 529 1157 o.
550 1100 580 1160 1.
624 1095 712 1157 Ouid.
728 1099 852 1160 Metam.
869 1097 927 1158 10:
957 1097 1068 1174 quique
1086 1099 1198 1174 premit

99 1191 215 1256 vocem,
238 1184 391 1264 digitoque
403 1182 522 1241 silentia
539 1183 654 1242 suadet.
699 1184 813 1242 Auson.
831 1183 879 1261 'ep-
895 1179 936 1244 25
953 1180 993 1238 ad
1006 1181 1196 1242 Paullinum:

98 1281 155 1328 απ
170 1280 224 1330 ”us
241 1269 381 1348 S‘dffim
392 1268 565 1347 Aegyptius
577 1267 680 1328 Μυῖα
694 1269 801 1348 signet·
838 1285 905 1326 mos
918 1263 1071 1324 indicendi
1085 1267 1196 1326 silentii
1301 1283 1302 1288 ¹

99 1356 212 1434 optime
232 1354 270 1412 ab
286 1355 415 1432 Apuleio
436 1355 615 1432 exprimitur
632 1353 731 1412 Miles.
755 1357 790 1415 1:
821 1351 951 1431 digitum
967 1350 1077 1429 pollici
1091 1353 1199 1428 proxi-

100 1459 184 1498 mum
203 1443 249 1496 ori
265 1439 440 1508 adnuoveus,
469 1439 547 1495 etin
567 1449 718 1518 stuporem
736 1439 894 1506 attonitus,
915 1447 981 1494 tace
1003 1447 1068 1493 tuoe
1086 1438 1195 1514 iuquit.

99 1523 275 1603 simpliciter
287 1521 365 1582 dixit
376 1524 516 1580 Martiam.
532 1523 653 1604 Capella
667 1521 704 1582 de
720 1532 805 1602 nupt.
819 1519 951 1600 physiol.
970 1532 999 1579 et
1006 1523 1146 1582 Mercurii
1158 1525 1198 1584 2:

98 1603 194 1688 digito
215 1607 346 1666 salutari
365 1608 517 1666 silentium
535 1605 747 1668 commonebat.
791 1605 861 1664 vide
879 1607 990 1665 Iulium
1006 1607 1199 1670 Poiluoem2

98 1691 120 1756 4
142 1697 194 1756 82.
226 1691 369 1752 Daursr.
411 1694 456 1750 ori
473 1695 563 1753 unius
578 1692 665 1774 digiti
677 1694 833 1772 impressio
850 1693 962 1750 silentii
980 1689 1120 1750 servandi
1135 1700 1198 1748 erat

97 1775 254 1836 indicium.
276 1776 345 1836 vide
360 1775 596 1836 emditissimum
609 1781 831 1858 Dempsterum.
852 1779 1039 1855 Augustinus
1055 1775 1092 1834 de
1107 1778 1196 1836 civit.

97 1863 156 1920 Dei
170 1862 229 1924 18:
251 1861 507 1941 inomnibussere
522 1863 654 1942 templis,
684 1862 740 1920 ubi
753 1860 998 1920 colebantur'lsis
1015 1873 1043 1918 et
1059 1863 1196 1939 Serapis,
1314 1935 1316 1938 Ι

96 1956 162 2006 erat
176 1949 266 2006 etium
279 1947 490 2018 simulacrum,
511 1949 594 2028 quod
605 1949 699 2028 digito
712 1945 803 2005 labiis
815 1949 955 2026 impresso
970 1946 1129 2004 admonere
1143 1948 1192 2024 νὶ-

95 2033 216 2090 deretur
234 2043 269 2090 ιιι
289 2033 442 2092 silentium
458 2033 560 2108 fieret.
604 2053 670 2092 mos
690 2052 794 2092 eorum
808 2035 860 2113 qui
879 2034 1080 2091 concionaturi
1097 2042 1193 2090 erant.
1279 2109 1282 2112 -

97 2115 184 2176 divus
206 2119 434 2194 Lucanus,
463 2121 517 2202 qui
537 2129 582 2180 est
608 2117 645 2178 de
665 2122 734 2179 Aut.
747 2120 874 2200 Apost,
897 2137 924 2177 o.
944 2121 1000 2194 12,
1026 2120 1064 2182 18
1086 2127 1116 2175 et
1138 2117 1191 2179 21.

92 2203 221 2270 Blera.
608 2235 615 2248 ·
884 2227 886 2230 ·
1128 2223 1129 2228 ¹

182 2289 255 2353 128.
296 2287 417 2368 dextra]
439 2287 573 2348 imitatus
590 2297 635 2348 est
648 2291 805 2349 Luosuum
822 2293 856 2365 1,
883 2289 937 2348 ubi
952 2289 1061 2348 Caesar
1080 2285 1196 2345 tumul-

98 2383 163 2432 tum
176 2376 342 2451 composuit
352 2374 454 2444 indm,
476 2375 639 2455 dextraque
649 2377 768 2434 silentii
774 2376 864 2456 feeit.
889 2393 930 2446 err
940 2373 1049 2434 eodem
1060 2377 1144 2432 Pers.
1157 2372 1195 2435 4:

86 2457 157 2542 fert
165 2461 286 2516 ammus
301 2459 536 2538 edidusseersse
546 2461 666 2520 silemus
676 2459 782 2520 mrbus
792 2463 945 2519 nmmum
958 2479 1077 2519 muris.
1102 2461 1196 2538 Spar-

94 2545 196 2602 tianus
209 2545 241 2601 iu
255 2545 373 2604 Iuliano
385 2547 484 2622 Aug:
506 2567 602 2604 mauu
615 2567 663 2604 eos
675 2567 790 2625 semper
794 2547 923 2624 plaeere
938 2557 1067 2624 cuperet.
1112 2545 1196 2602 locus

94 2638 143 2688 est
166 2630 289 2704 elegans
312 2627 394 2706 apud
416 2629 614 2690 Heliodorum
636 2629 777 2710 Aethiop.
802 2635 858 2695 10:
891 2629 943 2694 καλ
965 2629 1033 2694 οῦεε
1056 2625 1198 2710 κηρῦκων

97 2707 189 2814 σιγήν
203 2709 419 2774 ἐπιπιπτόντων
431 2711 594 2785 λπαΐοντας
606 2709 675 2776 oiim
694 2710 727 2776 τὸ
747 2709 886 2795 βούλημα
904 2718 962 2776 τοῦ
977 2709 1108 2796 ταράχοο
1120 2737 1200 2795 κρο-

95 2797 198 2877 dulus
213 2795 426 2873 ἒκφαίνονεας,
445 2791 502 2876 κήν
514 2803 598 2877 χεῖρα
613 2800 774 2877 προτείνας
785 2797 837 2860 καί
849 2800 1015 2861 κατασείων
1030 2794 1107 2877 ποῦς
1121 2797 1199 2877 ἡσυ-

95 2883 167 2962 χίαν
181 2876 217 2943 τῦ
230 2875 400 2942 elvidius
413 2883 470 2942 τοῦ
483 2877 583 2960 δήμου
600 2880 778 2944 unientis.
819 2885 973 2962 Augustus
987 2883 1076 2941 vstitu
1088 2903 1199 2940 mouu-

96 2985 156 3045 que
176 2965 332 3024 indecoras
352 2964 541 3026 adulationes
560 2968 708 3044 repressa.-
732 2967 856 3026 Sueton.
875 2969 927 3032 53.
970 2969 1104 3046 Iuppiter
1118 2965 1200 3046 opud

97 3049 187 3110 0vid.
204 3053 330 3108 Metam.
355 3054 393 3114 1:
436 3070 507 3108 νοοο
531 3071 684 3130 manrique
709 3072 867 3112 murmura
895 3055 1075 3130 compressit.
1120 3053 1197 3111 Stat.
1308 3049 1310 3055 '

95 3133 196 3194 Theb.
214 3141 251 3198 1:
286 3135 420 3204 venium,
449 3135 541 3194 donee
549 3147 641 3212 pater
652 3139 715 3212 ipse
726 3137 848 3196 sedendi
861 3137 1028 3216 tranquilla
1042 3135 1123 3196 iubet
1138 3157 1199 3194 esse

94 3241 201 3278 manu.
233 3216 299 3277 dixi
312 3217 351 3276 ed
365 3217 442 3276 illud
457 3217 590 3279 debello
607 3219 728 3282 Gildon.
746 3221 827 3300 apud
841 3221 1057 3282 Claudianum:
1077 3243 1198 3280 sacrum

94 3304 201 3364 dextra
216 3305 320 3363 saciare
335 3303 510 3364 tumultum.
556 3303 633 3364 adde
645 3307 830 3386 principibus
846 3317 959 3378 statuas
975 3317 1126 3389 equestres
1140 3328 1197 3386 pe-

95 3388 289 3471 destresque,
311 3388 366 3450 sed
377 3393 512 3450 maxime
526 3397 689 3471 equestres,
712 3391 819 3452 dextra
835 3404 975 3472 protense
989 3395 1064 3471 erigi
1080 3393 1195 3468 solitas,

94 3474 136 3534 ad
151 3477 313 3554 imperium
326 3473 527 3554 signandum,
548 3486 582 3534 ut
596 3475 670 3535 olim
684 3481 797 3537 Romae
812 3481 938 3536 memini
950 3477 1065 3538 videre.
1108 3480 1195 3538 Serv.
1320 3471 1321 3474 ¹

93 3559 136 3618 ad
149 3560 228 3619 illud
241 3564 261 3625 8
274 3564 350 3621 Aen.
371 3571 400 3618 et
420 3582 475 3620 nos
494 3572 532 3618 et·
542 3572 596 3619 tua
608 3562 709 3620 dexter
719 3565 775 3622 adi
778 3563 857 3641 pede
869 3584 957 3622 saera
970 3563 1110 3622 seeundo.
1156 3563 1194 3623 de

94 3643 260 3706 Domitiani
273 3647 404 3726 equestri
421 3656 519 3706 statua
533 3648 641 3727 Papin.
655 3649 731 3708 silv.
752 3653 769 3713 1
788 3650 824 3712 1:
846 3649 950 3708 dextra
963 3660 1045 3709 vetut
1054 3671 1190 3730 pugnas.

93 3725 237 3794 Damsr.
279 3749 345 3788 mos
364 3735 480 3810 priscus
503 3743 670 3808 oratorum,
700 3744 733 3792 ut
747 3736 896 3794 orationes
911 3733 1041 3794 habituri
1055 3747 1194 3816 quassata

92 3831 189 3876 manu
203 3814 261 3873 sibi
274 3815 406 3873 iacerent
419 3816 459 3874 ad
471 3819 618 3896 populum
632 3815 827 3878 audientiam.
856 3823 899 3880 sio
913 3821 1028 3884 mira2
1050 3821 1122 3886 325.
1150 3824 1194 3882 sio

95 3919 186 3978 saepe
205 3902 238 3958 in
254 3901 337 3958 Actis
360 3902 549 3980 apostolicis,
579 3915 613 3962 ut
638 3908 677 3968 13
701 3909 758 3969 16:
790 3899 923 3981 σίνασεᾶς
948 3904 981 3970 δὲ
999 3908 1123 3981 Παῦλος
1141 3904 1196 3970 καὶ

93 3985 273 4058 κατασείσας
282 3987 322 4071 τῇ
333 3985 408 4064 χειρὶ
423 3981 507 4048 εἶπεν
513 4012 524 4064 ς
543 4000 577 4047 ut
594 3991 633 4052 19
650 3993 709 4054 38:
730 3992 908 4066 κατασείσας
919 3985 977 4072 τὴν
990 3998 1073 4074 χεῖρα
1083 3988 1197 4072 ἤθελεν

92 4064 313 4152 α’κολογεῖσθαε
326 4073 369 4155 τῷ
386 4064 491 4154 δήμῳς
512 4084 545 4131 ut
563 4076 603 4136 21
622 4070 680 4137 40:
703 4071 722 4138 ὅ
737 4079 860 4150 Παῦλος
875 4073 967 4152 ἕστῦς
979 4076 1028 4140 ἐπί
1042 4081 1106 4139 νῦν
1120 4071 1197 4139 ἄνα-

93 4157 228 4240 pomos
247 4152 395 4220 κατέσεισε
416 4159 455 4240 τῇ
474 4155 550 4235 χεεολ
568 4161 611 4241 τῷ
627 4161 707 4244 λαῷ,
737 4165 851 4241 πολλῆς
874 4159 908 4225 δὲ
924 4167 1015 4246 σιγῆς
1031 4161 1197 4244 γενομίνης
1259 4169 1262 4176 ’
1347 4163 1350 4170 ’

94 4233 313 4320 προσεφῦνησε
326 4251 383 4299 eto.
425 4243 500 4302 item
512 4246 553 4308 26
571 4245 606 4306 l:
620 4238 691 4308 ,τότε
703 4243 723 4308 ὅ
736 4249 860 4322 Παῦλος
874 4241 1048 4332 ἄπελογεῑτο
1064 4246 1197 4321 ίκτείνας

93 4321 151 4406 τὴν
164 4331 257 4407 χεῖρα.
299 4329 393 4389 Itur.

182 4411 253 4476 124.
292 4430 370 4492 quae
383 4412 519 4492 sequitur
533 4415 714 4494 comparatio
727 4436 789 4476 non
800 4428 845 4479 est
858 4416 983 4500 indigns
996 4419 1102 4498 quovis
1116 4417 1196 4476 bono

95 4503 194 4576 polita.
236 4517 340 4556 versus
358 4499 483 4578 optimi3
513 4508 543 4556 et
563 4497 656 4559 habet
675 4521 747 4561 saue
766 4522 828 4562 uon
846 4525 941 4585 pausa
956 4506 1101 4582 corippus
1115 4503 1195 4560 bona

94 4593 125 4640 et
138 4583 314 4664 aequalibus
331 4586 393 4642 suis
411 4583 547 4643 meliora.
578 4587 703 4646 Bluau.
756 4609 825 4648 cum
839 4592 928 4670 posui
942 4591 995 4648 ubi
1011 4599 1075 4648 erat
1089 4609 1192 4668 quam.

7 4751 9 4758 Ι
94 4685 187 4747 agger
203 4680 249 4730 est
261 4671 357 4730 moles
374 4689 470 4752 aquae
484 4670 600 4730 obieeta
611 4670 649 4730 ad
659 4668 883 4752 prohibendum
894 4675 1052 4734 fluviorum
1065 4677 1194 4734 marisve
