2768 5146
145 609 149 616 ’
220 581 298 706 aaa
595 727 597 732 ,
678 639 857 714 aoccaa

220 806 303 888 laycis
320 805 444 866 statua
460 805 645 876 Ieiunrtidor
664 809 850 890 praefixerit,
872 809 940 894 quis
958 803 1109 870 foat'ine
1127 807 1314 890 Ichnoussa

219 929 279 992 qao
290 911 462 990 poematica
473 913 516 972 ita
529 913 775 994 nuncupabatur,
794 912 930 974 Cirifletio
943 916 1144 976 eccoatautio
1158 933 1233 994 opus
1248 922 1313 972 erat

219 1013 390 1093 diligentias
412 1012 595 1092 emendem,
626 1033 665 1072 ne
690 1013 896 1096 deciperentur
912 1019 1123 1076 'existimantes
1145 1016 1311 1076 celebrasse

217 1119 379 1196 coripprm
394 1117 508 1176 bellarm
520 1119 553 1176 in
567 1117 667 1176 Africa
680 1137 699 1177 a
713 1117 844 1178 Iohanne
856 1119 983 1180 Patricio
996 1129 1113 1198 gestum
1125 1121 1198 1200 imp.
1209 1121 1309 1178 aam-

216 1223 346 1280 tii.enno
361 1221 458 1278 tertio.
500 1237 598 1300 neque
611 1221 693 1278 enim
706 1217 766 1280 boo
779 1222 879 1280 solum
890 1223 923 1280 in
936 1221 1037 1284 anua
1051 1233 1169 1301 gestam
1182 1231 1229 1280 est
1241 1223 1309 1282 bel-

214 1323 281 1382 lam
294 1343 311 1381 a
324 1321 455 1403 quodam
464 1319 597 1382 Iohanne
610 1323 753 1396 Patricio,
775 1322 829 1382 sed
840 1328 932 1386 etiam
942 1326 1075 1386 confecta
1088 1335 1159 1384 sunt
1170 1324 1310 1386 dmmrrm

213 1409 504 1492 Romanormn'cum
523 1423 635 1482 Mauris
658 1435 688 1483 et
709 1424 851 1486 Vandalis
873 1430 985 1506 affl'tata
1008 1429 1121 1507 praelia
1141 1428 1195 1487 sub
1217 1429 1309 1488 Iusti·-

213 1531 304 1586 niano
321 1525 450 1605 Magum
473 1536 503 1586 et
518 1526 689 1586 nallatenus
704 1523 807 1588 dubiae
823 1533 965 1589 cecinisse
978 1529 1025 1588 lii.
1041 1531 1231 1590 cresconium
1248 1531 1308 1590 Oo-

212 1635 337 1712 rippnm·
356 1629 481 1688 hatinie-
491 1627 642 1702 versibus,
671 1647 756 1709 quae*
774 1633 871 1691 soluta
891 1635 1005 1692 Graeca
1033 1634 1165 1692 oratione
1191 1633 1309 1712 scripsit

211 1735 372 1812 Procopius
385 1735 427 1790 -in
446 1728 570 1790 historia
588 1727 627 1788 de
649 1731 732 1791 bello
745 1733 928 1810 Vandalico3
948 1747 981 1802 et
995 1733 1126 1796 beroem
1140 1753 1194 1794 sca
1211 1734 1309 1818 mavis

210 1839 423 1898 Maecenatem
442 1834 588 1913 primatis
610 1835 657 1890 sui
675 1831 841 1894 Iohannem
866 1857 1072 1919 nuncupasse,
1102 1856 1162 1920 qno
1182 1819 1308 1896 militam

153 1965 162 1990 ο
210 1941 416 1999 Romanorum
431 1938 466 1994 in
486 1935 588 1998 Africa
607 1939 752 2016 mcffistro
774 1941 839 1998 sine
860 1951 995 2000 consorte
1009 1937 1133 2003 tandem
1147 1937 1308 2021 aliquando

211 2043 345 2101 confecta
368 2051 399 2100 et
419 2038 556 2104 absoluta
572 2039 694 2099 uterum
713 2042 828 2120 praelia
850 2042 987 2122 planibus
1010 2045 1096 2101 annis
1113 2043 1308 2124 pluribusque

212 2163 283 2204 cnm
296 2143 434 2223 gentibus
448 2141 590 2219 variaque
604 2140 724 2207 fortuna
736 2153 821 2220 geste
832 2145 866 2202 in
879 2145 998 2221 Africa,
1019 2144 1184 2204 lastiniano
1196 2143 1309 2222 Magno

130 2299 134 2308 ,
211 2249 389 2326 imperante.
413 2251 494 2300 —erat
506 2243 563 2302 iste
579 2237 728 2303 lohannes
744 2246 1000 2325 PatriciusPappi
1016 2245 1098 2308 ilfius
1114 2243 1221 2318 frater,
1253 2246 1308 2324 qui

209 2367 288 2406 umas
310 2348 409 2406 fuerat
428 2363 470 2406 ex
493 2355 634 2426 quattuor
654 2344 824 2408 ductoribus
846 2335 981 2429 equitum
993 2350 1039 2406 ‘in
1061 2347 1147 2404 bello
1164 2343 1307 2405 adversus

208 2445 359 2510 vandalos
372 2449 516 2508 Belisario
532 2433 608 2510 duce
623 2451 800 2524 corniciam
823 2459 853 2508 et
871 2469 942 2510 eum
953 2451 1117 2529 Procopius
1132 2445 1261 2506 celebrat
1272 2449 1306 2506 in

207 2553 299 2611 altero
314 2549 455 2610 historiae
470 2531 541 2610 suae
554 2551 630 2610 libro
646 2548 684 2610 de
700 2551 781 2610 bello
793 2547 968 2614 vandalico.
984 2593 989 2598 -

293 2657 359 2712 lam
373 2671 443 2713 vero
457 2674 526 2719 cana
540 2652 577 2714 de
593 2654 678 2716 libris
690 2655 811 2734 (lorippi
830 2653 917 2714 aalide
931 2637 1113 2734 ineditisqae
1128 2653 1203 2712 satis
1213 2650 1306 2712 dixe-

204 2759 278 2832 rim,
300 2775 381 2815 nuno
399 2753 437 2814 dc
460 2753 589 2836 Gori'ppo
608 2757 675 2836 ipso
696 2755 812 2837 aliquid
835 2759 1030 2818 commentari
1047 2775 1156 2836 operae
1175 2756 1304 2836 pretium

203 2861 297 2918 foret:
326 2856 381 2918 sed
396 2859 516 2918 nnllam
530 2855 602 2918 nori
615 2867 748 2918 veterem
760 2861 910 2922 Graecum
924 2860 1102 2918 Latinmnre
1118 2859 1303 2939 scriptorem,

204 2964 257 3043 qai
271 2963 336 3022 eius
347 2964 532 3021 meminerit.
574 2963 852 3022 commentariolum
866 2960 904 3022 de
920 2981 956 3020 eo
969 2961 1098 3020 scribere
1109 2962 1304 3040 Dempsteras

203 3067 312 3144 sategit
334 3067 511 3144 inscriptum
534 3053 579 3123 de
593 3066 720 3143 Oonppo
742 3069 912 3124 cannetum
927 3061 1126 3126 nonobacara
1138 3083 1173 3122 ex
1186 3063 1305 3142 caepae

203 3170 317 3247 ipsius:
340 3166 395 3227 sed
408 3187 516 3227 vacuas
532 3165 700 3236 diverberat
712 3169 848 3245 umbras,
870 3177 902 3228 et
915 3165 1032 3246 firgens
1047 3167 1105 3226 sibi
1119 3175 1237 3246 captare
1252 3165 1303 3224 ln-

205 3291 271 3330 cem
287 3281 388 3351 captat
400 3271 550 3330 tenebras.
592 3271 694 3354 itaque
708 3273 834 3332 meliora
849 3267 999 3354 quasdam
1012 3269 1178 3349 proferam,
1200 3271 1303 3349 paucis

204 3385 307 3433 tannen
322 3393 373 3433 me
389 3371 560 3452 expediam.

291 3477 438 3554 corippus
457 3473 611 3534 dicebatur
626 3477 717 3535 etiam
732 3477 854 3536 Flavius
869 3473 1042 3534 Cresconius
1055 3492 1110 3536 sea
1122 3474 1301 3550 Grisconius,

205 3575 287 3659 quod
299 3575 440 3636 laudatae
452 3595 508 3636 nos
523 3574 609 3635 docet
621 3587 707 3637 vena
721 3575 819 3638 codex
832 3575 928 3637 eloh.
945 3577 1126 3656 cuspiniano
1138 3573 1241 3634 Budas
1253 3597 1302 3636 re-

204 3692 319 3760 pertus·
361 3680 436 3738 Afer
450 3669 627 3757 gentefuit,
652 3690 683 3738 et
696 3691 758 3739 arte
772 3681 999 3760 gamunandans,
1020 3681 1175 3760 unitasque
1193 3681 1237 3738 rei
1254 3691 1302 3739 te-

204 3793 249 3842 ste
263 3803 311 3841 ms
325 3781 426 3841 codice
439 3784 556 3858 Ruizii3
577 3801 634 3840 neo
646 3783 742 3840 semel
753 3785 821 3861 ipsa
836 3783 982 3862 Gorippus
995 3771 1171 3842 Africanum
1186 3803 1219 3842 se
1230 3801 1302 3862 pro-

204 3882 250 3942 dit
273 3886 306 3942 in
330 3886 408 3960 suis,
431 3887 484 3966 qui
498 3894 673 3964 supersunt,
693 3886 840 3945 versibus.
877 3885 1069 3964 ‘grammatici
1082 3894 1184 3942 autem
1196 3887 1303 3966 appel-

203 3988 276 4046 latio
297 3987 340 4045 ita
360 3997 406 4045 est
423 3985 598 4067 accipienda
613 3998 648 4047 ut
660 3991 760 4048 viram
774 3986 921 4068 significet
935 3988 968 4045 in
982 3983 1109 4044 dicendo
1128 3986 1302 4048 scribendo-

204 4109 263 4171 que
285 4089 492 4168 praeclaram,
523 4091 628 4172 quales
651 4092 773 4151 fuerumt
793 4090 1119 4174 quorummemoriam
1137 4091 1302 4170 posteritati

202 4191 360 4274 mandarit
375 4193 536 4252 Suetonius
551 4195 584 4251 in
597 4213 686 4274 opere
701 4194 739 4253 de
750 4193 842 4252 elasa
852 4193 1071 4273 gramowtiea's.
1338 4191 1341 4196 '

279 4297 380 4356 Senio
401 4296 466 4353 iam
484 4297 582 4355 fessus
602 4295 640 4354 de
661 4293 804 4355 haedibus
819 4295 933 4354 lassat
949 4293 1089 4374 Augusti
1098 4291 1231 4350 M'morie
1242 4291 1302 4349 Co-

203 4401 307 4480 rippus
331 4391 464 4478 scripsit,
494 4417 564 4474 cam
583 4400 647 4458 iam
666 4399 802 4477 pluribus
815 4397 900 4456 libris
914 4397 1080 4476 scripsisset
1094 4393 1132 4484 de
1146 4391 1234 4452 celtu
1244 4393 1304 4452 Li-

204 4501 296 4580 hyac.
343 4500 381 4561 de
401 4512 528 4584 utraque
548 4521 582 4561 re
604 4501 810 4561 testimonium
832 4511 946 4560 certanti
960 4501 1026 4580 ipse
1038 4493 1191 4579 perbibet3
1214 4507 1245 4554 et
1263 4514 1304 4554 ex

204 4608 372 4668 coniectura
393 4603 534 4667 adiiciam
551 4601 704 4686 scripsisse
724 4601 763 4664 de
780 4604 869 4666 bellis
890 4605 1011 4684 Libycis
1030 4613 1101 4663 ante
1118 4615 1212 4660 annos
1234 4599 1316 4679 plns
