2768 5146
387 705 390 714 .
504 657 751 730 ruminio.
1109 681 1176 732 nxr

81 829 165 909 ultim
174 825 319 908 triginta.
359 823 440 888 hanc
448 845 596 888 annosum
608 825 852 911 supputationem
861 821 939 886 milsl
949 835 1082 908 praastst
1092 837 1175 892 tem-
1224 837 1235 862 ⁴

86 951 130 1010 pos
142 947 199 1012 qao
213 929 313 990 hosce
326 929 420 990 lrlsros
434 928 523 990 edero
534 933 648 1011 potuit,
670 942 700 991 et
711 942 833 1009 tempus
851 947 912 1012 qno
925 933 1028 1012 scripti
1042 951 1109 994 essa
1122 935 1173 994 vl-

88 1031 177 1094 testu
194 1033 269 1093 libri
289 1031 329 1092 do
348 1031 489 1093 laudibus
510 1034 627 1094 latoni.
671 1033 760 1092 bellis
781 1033 863 1090 enim
882 1032 1005 1113 Libycis
1021 1031 1172 1099 lohannes

88 1136 213 1196 Patricius
227 1135 323 1194 linem
334 1138 493 1216 imposuit,
517 1137 570 1218 qui
583 1145 699 1196 creatus
713 1145 759 1195 est
771 1135 904 1194 militum
914 1137 947 1192 in
959 1137 1061 1196 Africa
1070 1141 1173 1218 magl-

89 1246 135 1297 stsr
147 1239 208 1298 dne
224 1249 363 1298 consorte
379 1257 459 1298 anno
475 1239 496 1302 8
514 1239 635 1318 imperii
650 1239 824 1310 iustiniani3
847 1256 906 1318 qua
923 1235 962 1296 da
978 1259 1011 1299 re
1027 1251 1097 1300 ante
1111 1239 1172 1303 hoo

91 1348 187 1420 tempos
204 1338 291 1400 hsnd
312 1339 402 1419 plano
420 1342 519 1420 potuit
540 1338 630 1399 eriere
647 1341 795 1419 (lorippus
812 1338 905 1398 libros
923 1359 994 1401 snos
1010 1339 1048 1400 de
1060 1340 1171 1402 iisdem

92 1439 160 1501 bellis
172 1440 243 1502 lusio
257 1439 387 1502 iohanni
401 1445 602 1522 nuncupatos3
621 1459 724 1522 usque
738 1451 784 1500 est
796 1441 959 1500 verisimile
972 1460 1025 1502 eos
1040 1440 1171 1506 edidisse

93 1554 145 1622 post
160 1546 283 1624 longum
299 1554 432 1626 tempus.
473 1563 562 1625 porro
576 1563 646 1603 cum
658 1545 841 1604 lastinianus
852 1545 895 1602 Μ.
909 1542 1102 1622 imperaverit
1113 1563 1171 1604 sn-

15 1691 21 1694 -
93 1645 187 1724 usto,
209 1656 329 1706 constat
344 1644 472 1727 proinde
493 1643 577 1728 quod
592 1646 690 1704 multo
710 1655 780 1725 post
801 1647 1031 1726 scriptiliuers'nt
1042 1646 1114 1705 libri
1130 1644 1170 1706 da

93 1741 207 1808 hodius
228 1751 337 1810 Instini
356 1750 503 1828 August13
524 1747 690 1827 quinetiam
710 1747 801 1825 plana
823 1747 920 1829 liquet
933 1745 1059 1828 scriptos
1073 1748 1168 1808 fisisso
1243 1775 1245 1780 ·
1334 1709 1339 1720 .

95 1842 185 1911 duobos
199 1851 315 1911 saltem
333 1852 421 1910 annis
441 1860 602 1931 postquam
621 1851 753 1910 lustinus
775 1849 953 1928 imperabat.
995 1869 1066 1910 omn
1085 1853 1168 1912 enlm

95 1949 250 2031 casippnsl.
269 1957 285 2016 1
304 1962 335 2012 et
350 1953 374 2012 l.
389 1951 410 2017 4
426 1954 626 2012 lustinisnnm
642 1953 677 2010 in
697 1961 833 2010 extremo
848 1953 928 2010 ritae
944 1951 1168 2032 praedicantem
1233 1971 1243 1988 ‘

94 2035 362 2130 nducat,futnra1n
381 2053 446 2114 iore
465 2063 502 2113 ut
524 2057 577 2136 qui
599 2056 628 2113 ei
644 2073 752 2113 nocere
767 2051 904 2114 meditati
917 2054 1038 2114 fuerunt
1052 2043 1187 2116 lustino'
1284 2079 1296 2100 ·

95 2154 162 2216 riam
179 2155 303 2226 insidia
323 2157 516 2234 molirentur,
538 2165 573 2215 ut
594 2158 711 2216 meritis
731 2157 838 2236 poenis
856 2154 904 2235 ad,
918 2155 1046 2216 sliortnn
1059 2175 1168 2216 exem-

93 2251 157 2332 pltnn
165 2259 376 2334 multarentur,
397 2257 558 2338 fingendas
571 2255 661 2316 huius
673 2257 795 2318 fabulae
809 2261 995 2318 occasionem
1008 2277 1049 2318 ax
1059 2278 1096 2319 eo
1109 2275 1167 2318 au·

94 2369 207 2437 mpatrnn
226 2379 294 2421 esse
312 2361 402 2421 sarilo
426 2371 472 2422 est
488 2359 676 2440 intelligere,
699 2359 781 2443 qnod
794 2363 900 2422 instiui
911 2363 996 2422 lassu
1011 2379 1092 2422 anno
1103 2362 1166 2424 im-

93 2463 147 2536 pttli
164 2466 223 2524 aius
245 2462 395 2540 secundo,
417 2463 467 2524 dia
485 2465 575 2524 tertia
591 2462 742 2540 Octobris,
766 2464 888 2545 capitali
900 2463 1048 2544 supplicio
1064 2461 1164 2524 affecti

92 2559 187 2626 lnama
198 2568 285 2650 cpoli
298 2563 459 2626 Aetherius
472 2565 503 2626 it
516 2563 658 2625 Addasus
671 2585 801 2645 magnae
819 2568 1002 2626 auctoritatis
1017 2563 1100 2646 apud
1111 2569 1164 2626 lu·

91 2665 227 2730 linianum
248 2669 384 2752 pstrloii,
406 2687 482 2750 quos
502 2667 636 2748 pluriam
648 2669 809 2728 carnium
822 2687 857 2726 ac
869 2669 1029 2749 praecipua
1041 2669 1164 2750 conspi-

91 2771 186 2832 utinm
205 2775 237 2833 in
258 2776 361 2852 ipsum
375 2774 523 2832 Iustinum
540 2781 622 2830 actos
635 2770 731 2830 finisse
745 2789 812 2830 reos
822 2780 945 2829 tramant
961 2789 1068 2830 ornnes
1078 2772 1164 2834 illius

90 2873 205 2953 temporis
220 2873 365 2942 historici.
407 2871 582 2932 Euststlsius
596 2892 685 2950 vero,
704 2890 759 2931 scu
771 2874 868 2931 mavis
882 2875 1067 2948 Eustrstius,
1088 2875 1164 2933 scri·-

91 2979 139 3048 ptar
154 2996 292 3052 coaeum,
322 2978 356 3034 in
377 2977 439 3035 rita
459 2977 493 3035 S.
516 2973 659 3055 Eutychii
679 2970 868 3054 patriarchae
892 2975 1043 3054 cpolitani
1073 2972 1165 3055 (virle

88 3071 142 3134 lata
154 3078 206 3138 SS.
224 3075 265 3137 ad
279 3077 362 3137 diam
373 3077 538 3158 Mprilis)
558 3079 673 3138 factsnn
692 3075 751 3138 hoo
769 3097 836 3137 esse
858 3074 961 3137 adiicit
982 3077 1097 3135 ultione
1113 3074 1162 3134 di·

89 3175 152 3255 rins,
170 3180 252 3263 qnod
273 3201 379 3240 eorum
399 3181 589 3260 potissimum
604 3181 729 3240 oonsilio
744 3191 774 3239 st
787 3198 878 3259 opera
891 3200 909 3239 e
921 3177 993 3238 sede
1005 3179 1162 3258 (ipolitum
1267 3237 1269 3246 ,

89 3271 198 3345 detrusus
218 3285 257 3344 ab
281 3285 358 3364 imp.
376 3283 541 3342 iustiniano
560 3282 660 3342 fuerat
679 3280 712 3339 8.
730 3278 898 3361 Eutychius
918 3291 949 3340 et
968 3283 1002 3338 in
1019 3283 1162 3342 exsilium

85 3383 188 3465 missos,
210 3390 256 3464 ei,
278 3388 364 3448 nullo
376 3387 465 3467 plane
479 3388 562 3462 iure,
584 3381 709 3444 suffecto
724 3381 858 3443 iohanne
871 3381 1068 3445 schohsuoo.
1101 3387 1161 3446 (lo-

85 3483 166 3566 tlppus
193 3509 316 3572 quoque
340 3491 488 3550 ulianam
513 3489 648 3549 (lirinum
667 3505 828 3572 snperpos
848 3487 959 3554 factam
979 3489 1045 3547 esse
1063 3487 1161 3566 fingit,

83 3590 137 3666 qnia
146 3593 200 3672 ipsi
213 3595 379 3652 iustiniano
391 3613 498 3655 nocere
510 3594 676 3668 voluerint,
696 3609 796 3673 neque
810 3589 941 3668 explicat
954 3607 1015 3670 qua
1028 3592 1160 3650 ratione:

82 3694 108 3746 tl
117 3697 173 3774 quis
185 3697 315 3776 principi
328 3705 417 3756 nocet
429 3697 527 3776 magis
540 3713 633 3778 quam
644 3694 743 3754 malus
755 3691 955 3767 consiliarius,
979 3694 1075 3772 etqui
1087 3712 1160 3772 par-

80 3810 148 3854 tersa
165 3799 287 3858 consilia
302 3817 364 3857 non
382 3797 473 3860 modo
489 3799 636 3878 suggerit,
659 3794 714 3857 sed
728 3813 851 3875 operam
868 3795 959 3852 etiarn
979 3803 1111 3872 praestat
1124 3803 1160 3852 ut
1249 3849 1250 3852 ,

78 3900 229 3959 ructuant
256 3899 459 3961 mandentur‘i
511 3913 665 3982 praeterea
690 3915 760 3958 cam
784 3897 806 3954 l.
824 3893 873 3968 4,·
892 3905 983 3975 quera
1004 3895 1159 3975 aliquanto

74 4009 132 4076 pat
150 4002 222 4061 alios
244 4012 304 4063 tres
324 4002 420 4064 aditos
435 4025 500 4065 esse
516 4001 643 4064 suadent
658 4017 762 4060 versus
778 3997 888 4084 quibus
903 3999 1008 4055 tertius
1023 3997 1157 4076 explicit,

74 4101 170 4178 palatia
183 4101 337 4184 sophianis
353 4106 498 4185 corippus
515 4110 743 4176 commemoret,
765 4097 838 4159 hino
856 4103 948 4159 etiam
963 4099 1159 4158 manifestum

69 4200 160 4264 mlo
171 4205 263 4266 libros
275 4226 336 4265 non
350 4203 480 4265 edidisse
494 4209 595 4266 rtatim
609 4225 644 4264 ao
658 4205 790 4263 lustinus
803 4199 842 4259 ad
855 4201 1017 4280 impetitum
1037 4209 1157 4258 erectus

67 4303 134 4382 fuir,
154 4327 224 4366 cnm
243 4305 319 4366 haec
340 4309 452 4388 palatia
467 4307 615 4368 condendi
629 4317 722 4400 atqua
736 4301 812 4376 adeo
827 4300 991 4362 renovandi
1006 4303 1158 4380 amplian·
1286 4365 1288 4372 ,

65 4403 151 4489 (liqna
169 4420 200 4469 et
219 4409 386 4470 exornandi
409 4413 596 4470 occasionem
609 4417 727 4468 enarret
739 4401 945 4484 Theophanes
962 4400 1002 4461 ad
1016 4421 1045 4460 a.
1061 4397 1082 4463 4
1096 4402 1157 4458 im-

60 4511 135 4589 perii
155 4509 291 4570 eiusdem
310 4515 431 4573 lustinis
473 4509 531 4572 haa
549 4529 636 4570 meae
650 4498 1076 4569 coniectarearidenturmihi
1092 4519 1158 4558 essa

58 4612 331 4693 probabilhsimae,
364 4624 396 4676 et
425 4615 560 4676 fortassis
586 4611 836 4682 luculentioribus
860 4609 953 4666 etiam
974 4604 1158 4684 argtunentis

104 4721 205 4777 aaa.
225 4729 252 4780 rt
273 4723 335 4780 cor.
675 4711 680 4723 '
931 4708 953 4772 5
