2814 5160
357 307 403 374 nt
426 305 692 378 IOHlNNlDOS
716 308 733 376 1
755 309 910 378 NOTAE.
1104 311 1180 383 295

82 470 130 534 lrio
151 482 255 533 autem
276 473 395 553 Spalim
418 491 552 532 remeare
573 469 754 532 decrevisset
775 493 845 532 cnm
864 473 1027 534 Geilimera
1048 478 1177 558 captivo,

35 619 40 632 ,
80 561 236 618 Siclomont‘
248 561 406 638 tegendam
418 559 564 638 Africam
576 559 722 630 marlldr't',
745 569 773 616 et
779 570 901 638 partem
914 564 1179 641 maximnmprae-

81 641 264 704 torr'anomm
275 665 397 704 auorum
408 643 530 723 reliquit
539 686 550 715 ,
571 654 607 702 nt
616 663 647 700 eo
661 644 737 702 dnae
749 647 971 724 quamprimum
982 667 1095 728 magno
1108 652 1179 706 anr'-

81 751 127 790 mo
148 731 249 788 ultum
266 732 344 788 erent
361 731 481 809 nasama
498 731 531 786 in
543 729 699 786 Romanos
719 750 796 786 ausa
811 731 994 788 Maurarum
1008 731 1175 793 rebellium.

80 826 146 896 post
165 809 281 894 proelia
299 818 378 872 inter
390 817 543 873 Romanos
561 825 590 871 et
603 815 723 892 Mauros
743 817 826 872 vario
840 815 936 873 Marte
952 825 1116 893 transacta,
1143 829 1179 880 ut
1257 825 1263 840 “

81 903 181 980 legere
200 910 247 958 est
266 921 293 957 c.
311 904 348 962 11
363 911 393 957 et
407 919 511 980 seqq.,
540 900 684 958 Salomon
702 910 806 957 exorta
829 898 976 959 seditione
997 903 1129 961 militum
1140 907 1187 968 ,in

81 989 182 1046 Africa
192 987 358 1065 Syracusas
372 985 490 1063 aufugit
503 982 544 1064 (c.
561 983 634 1058 14),
658 983 711 1042 ubi
726 987 869 1062 expositis
883 985 1002 1044 Africae
1017 987 1105 1046 rebus
1118 991 1180 1047 Be-

81 1073 196 1145 lisario,
235 1072 288 1150 qui
307 1068 420 1127 ibidem
440 1069 557 1126 ballum
577 1080 748 1148 susceperat
768 1081 870 1127 contra
891 1069 1020 1146 Gothos,
1052 1092 1121 1132 cum
1142 1094 1178 1133 eo
1236 1099 1239 1107 ·

81 1159 166 1236 petiit
179 1154 279 1214 denuo
293 1152 506 1234 Carthaginem
521 1152 561 1234 (c.
581 1151 634 1232 15)
651 1173 729 1212 anno
744 1153 806 1218 537
821 1153 860 1212 ad
875 1155 1112 1234 comprimendos
1128 1179 1179 1217 re-

81 1241 184 1300 belles.
228 1239 371 1300 Salomon
393 1259 464 1298 vero
483 1237 602 1297 videtur
617 1239 672 1297 sub
689 1239 780 1296 finem
795 1243 866 1298 anni
880 1259 1028 1299 remeasse
1040 1243 1178 1322 cpolim:

79 1346 150 1384 nam
168 1323 295 1384 subinde
316 1325 451 1382 Africam
473 1321 645 1382 moderatus
669 1334 714 1380 est
734 1325 910 1382 Genuanus.
955 1345 1014 1405 quo
1040 1339 1178 1388 revocato

82 1411 122 1492 (c.
139 1410 194 1490 19)
216 1413 377 1487 imperator·
396 1429 444 1467 res
463 1428 563 1466 omnes
577 1407 709 1486 Africae
728 1409 835 1465 auum
858 1409 1015 1467 Salomoni
1033 1415 1179 1472 commisit

81 1517 161 1554 anno
177 1496 296 1575 imperii
312 1495 433 1569 atriis,
461 1495 514 1573 qui
532 1491 692 1571 respondet
709 1512 787 1551 anno
808 1491 975 1553 Christiano
991 1499 1064 1559 5³9.
1106 1507 1179 1556 tunc

82 1581 225 1641 Salomon
240 1599 289 1640 res
302 1580 422 1638 Africae
440 1581 554 1657 optime
570 1580 753 1656 composuit,
779 1587 811 1635 et
827 1589 963 1658 suscepta
985 1579 1179 1660 expeditione

82 1669 113 1724 in
127 1667 248 1725 Mauros
268 1667 312 1724 eis
334 1665 421 1743 plura
438 1674 532 1721 castra
546 1665 665 1742 eripuit.
709 1661 763 1720 sed
777 1675 881 1721 exorta
894 1662 1114 1724 Leucatharum
1128 1668 1179 1726 vel
1222 1735 1223 1738 Ἴ

81 1745 305 1810 Ῐιεὴαῃῑὴαηιω
325 1769 379 1810 scu
396 1751 595 1827 Languentan
613 1745 778 1822 seditione,
806 1746 844 1806 de
864 1767 923 1828 qua
940 1747 1009 1807 ride
1031 1743 1120 1832 supra
1138 1751 1179 1810 ad

81 1857 112 1894 v.
130 1835 207 1912 144,
230 1845 299 1915 post
313 1835 428 1892 bellum
440 1835 522 1892 vario
534 1834 630 1891 Marte
645 1843 778 1913 gestum,
799 1831 939 1908 tandem,
960 1844 994 1894 ut
1008 1837 1050 1893 uit
1066 1839 1179 1896 Proco-

83 1924 150 2001 pius
164 1941 190 1979 c.
204 1923 263 1996 21,
287 1921 398 1978 Mauri
418 1939 540 1976 meruero
562 1917 651 1998 longe
669 1919 834 1995 superiores
852 1919 1060 1977 Romanorum
1077 1924 1180 1980 maxi·-

82 2027 164 2064 mam
172 2017 293 2084 partem
305 2005 483 2070 demanant
496 2004 663 2082 insugam.
708 2002 833 2061 telorum
843 2005 992 2084 grandini
999 2008 1105 2064 reatitr't
1117 2008 1180 2065 all-

83 2091 230 2170 qnamdin
247 2089 391 2148 Salomon
408 2108 477 2146 cum
488 2109 591 2166 parva
607 2110 729 2148 suonam
743 2109 837 2146 nrann
845 2111 858 2162 ;
884 2091 939 2170 qus¹
957 2089 1091 2150 hostibus
1108 2101 1180 2150 tan-

82 2175 149 2235 dem
156 2171 405 2254 praevalentibus
421 2175 517 2230 coacti
530 2173 630 2232 cedere
636 2216 648 2246 ,
679 2193 749 2231 cum
764 2173 808 2232 ad
817 2176 877 2231 rivi
884 2176 1018 2252 proximi
1026 2179 1180 2256 praecipi-

82 2271 140 2320 tem
153 2261 278 2320 alucatn
296 2259 512 2318 contentissime
516 2259 676 2338 sagiones
689 2260 851 2330 ventarent,
872 2259 1027 2318 succedens
1044 2263 1075 2318 in
1090 2283 1181 2321 arura

83 2367 175 2426 eqrms
195 2343 387 2403 Salomonem
409 2343 545 2400 aenean.
590 2343 643 2401 ille
652 2353 854 2421 protectorum
870 2343 1010 2401 morsibus
1024 2345 1181 2424 confestim

82 2442 196 2490 areatas
208 2442 237 2488 et
249 2431 283 2486 in
298 2447 408 2508 equam
419 2425 571 2499 sublatus,
587 2447 656 2486 cnm
663 2447 743 2506 prae
755 2427 855 2484 dolore
867 2429 960 2485 nimio
973 2431 1036 2486 tam
1049 2441 1199 2496 tractare·

74 2517 204 2596 frenum
219 2516 375 2594 nequiret,
407 2511 635 2590 comprehensas
657 2533 678 2569 a
699 2509 836 2570 barbaris
853 2512 1022 2570 aucrdatnr
1032 2533 1096 2572 ruta
1108 2536 1180 2573 enm

82 2604 261 2680 stipatorum
281 2619 343 2658 non
361 2599 484 2678 paucis.
542 2597 634 2670 lrnno'
654 2595 798 2657 Salomon
826 2598 907 2656 nus
935 2598 1046 2656 exitum
1072 2598 1181 2660 habult

80 2705 160 2747 mo
177 2683 251 2754 ⁶48·
446 2719 449 2724 '
821 2691 825 2706 i

99 2801 102 2808 ’
168 2801 242 2870 478.
281 2802 367 2863 ‘varie
380 2801 525 2882 scriptum
536 2810 581 2861 est
592 2796 650 2860 hoc
661 2819 771 2884 nomen
785 2801 818 2860 in
831 2811 932 2862 nostro
945 2798 1057 2861 codice.
1100 2801 1189 2865 inira.
1242 2797 1244 2800 ’

83 2888 167 2950 enim
181 2893 202 2952 2
216 2891 273 2963 87,
294 2889 347 2963 96,
372 2890 442 2962 107,
464 2889 528 2952 210
540 2897 569 2946 et
582 2885 643 2950 845
660 2896 706 2944 est
718 2905 787 2944 oum
800 2883 1000 2967 adspiratione
1014 2885 1178 2966 largata„

82 2973 139 3034 sed
151 2993 253 3034 rursus
266 2992 302 3032 ea
315 2969 485 3033 sbuoiturt
499 2971 571 3034 874.
613 2971 692 3029 libro*
703 2980 804 3029 autem
818 2971 854 3047 5,
882 2973 935 3030 ubi
949 2974 1041 3030 octies
1053 2974 1180 3034 occurrit

82 3059 166 3120 idem
178 3065 306 3132 nomen,
334 3069 365 3116 et
377 3061 416 3132 7,
443 3055 496 3114 nbi
513 3055 562 3114 bis
579 3055 706 3134 legitur,
734 3075 792 3114 nec
812 3075 874 3114 non
892 3057 925 3114 in
937 3056 1091 3117 Periochis
1103 3057 1143 3116 ad
1157 3061 1179 3122 2

83 3144 161 3220 345,
185 3143 384 3224 estllaagrms
403 3141 517 3222 absque
537 3142 715 3220 aspiratione
736 3150 767 3200 et
786 3138 888 3200 addita
908 3143 968 3200 sin
981 3141 1092 3201 medio.
1135 3143 1179 3204 sio

83 3231 177 3308 igitur
189 3231 298 3287 rectius
311 3227 386 3286 duxi
396 3228 539 3306 scriptum
552 3227 646 3284 fuisse
658 3222 716 3285 hoc
728 3245 839 3285 nomen
851 3228 956 3306 populi
969 3227 1087 3286 Africae
1099 3225 1178 3287 huc-

83 3333 181 3394 usque
199 3315 310 3392 ignoti,
336 3313 386 3371 vel
408 3313 534 3386 saltem,
562 3310 674 3392 dequo
689 3313 774 3371 nulla
791 3313 905 3373 mantio
922 3322 968 3373 est
982 3312 1063 3394 apud
1077 3313 1178 3374 Cella-

83 3401 163 3459 rium
180 3410 210 3459 et
225 3399 301 3457 alios
314 3416 390 3479 quos
401 3398 537 3456 consului
550 3407 696 3456 auctores.

167 3500 242 3566 479.
283 3514 339 3557 an:
361 3499 478 3570 Marte,
497 3496 554 3556 titt
566 3509 610 3557 est
623 3496 752 3557 notum?

168 3599 241 3668 480.
284 3619 325 3659 ex
346 3597 494 3659 historicis
515 3609 630 3659 constat
653 3617 732 3660 anno
753 3596 864 3660 Christi
880 3601 943 3666 298
959 3598 1179 3660 Maximianum

82 3687 267 3746 Herculeum
277 3687 310 3744 in
322 3685 428 3762 Africa¹
439 3682 635 3744 debellavisse
649 3685 769 3744 Mauros
784 3687 1078 3766 Quinquegentianos
1089 3706 1179 3766 aspe-

82 3775 171 3831 ritate
183 3772 319 3830 locorum
332 3767 529 3844 confidentes,
557 3782 665 3849 atque,
697 3790 736 3828 ne
756 3769 960 3828 rebellionem
970 3769 1068 3830 denuo
1085 3772 1178 3830 moli·
1225 3803 1227 3810 ν

83 3869 203 3932 rentur,
224 3859 257 3913 in
268 3857 359 3934 plana
374 3853 546 3912 deduxisse.
588 3857 712 3933 Eutrop.
724 3858 754 3929 9,
778 3858 860 3916 Oros·
875 3858 896 3918 7
909 3853 965 3929 26,
988 3866 1019 3914 et
1030 3853 1082 3915 hic
1099 3855 1179 3914 infra

81 3942 192 4016 4828,
213 3941 267 4000 ubi
285 3959 386 3999 mrsus
404 3937 481 3997 haeo
499 3941 589 3998 iactat
605 3941 717 3998 Bruten
732 3937 772 3996 ad
785 3939 1001 4000 confirmandos
1015 3943 1179 4018 Languen-

83 4036 151 4100 tan,
174 4045 303 4106 quorum
315 4023 380 4082 dux
394 4034 473 4100 erat,
495 4023 625 4084 inbelle
642 4034 744 4083 contra
758 4021 935 4083 iohannem.
977 4034 1109 4083 attamen
1127 4021 1178 4081 lri-

48 4123 52 4131 ·
83 4113 187 4169 storici
207 4111 297 4169 silent
320 4107 358 4167 de
378 4119 467 4188 gente
484 4105 563 4184 huo,
577 4117 681 4190 'quam
705 4117 807 4167 noster
827 4107 917 4188 podta
935 4105 1177 4188 vocatllasguas,

83 4213 237 4276 quamque
251 4196 454 4254 Maximianus
465 4195 531 4274 ipse
548 4191 670 4254 domare
686 4194 835 4273 nequivit.

168 4293 244 4360 488.
285 4295 399 4354 mitten
417 4293 467 4356 hio
486 4305 532 4356 est
551 4289 607 4376 pro
627 4287 826 4366 emmaus,
852 4296 919 4359 uti
934 4291 1007 4358 225.
1050 4263 1182 4354 attamen
1268 4281 1270 4284 ⁵
